3990 5176
863 325 1078 388 ..17-

333 616 352 684 3
375 637 395 698 γ
419 615 460 679 3:
484 613 669 696 archetypus
691 605 882 685 πεισθέντας
905 648 947 654 -
972 555 1144 694 ήγήσὴσθε.

330 731 358 794 N
385 729 561 796 emcndauit
583 729 616 792 in
639 724 829 802 πεισθέντας
851 719 1045 811 ἡγήσασθαι,
1069 728 1089 810 β
1112 725 1144 789 in
1166 721 1351 810 πεισθέντες
1373 719 1553 810 ἡγήσησθε,
1585 725 1615 790 A
1641 747 1687 809 pr.

238 825 380 912 'mentem
403 846 563 928 scriptoris
586 845 666 909 nihil
689 861 798 909 curans
821 838 1012 918 πεισθέντας
1036 836 1197 926 ἡγήσησθε
1224 841 1357 924 scripsit,
1385 840 1424 906 A‘
1440 835 1614 926 ἡγήσασθε,
1643 839 1690 906 Α2

173 969 175 975 ‘
242 962 393 1027 familiam
417 963 436 1045 β
458 963 506 1026 uti
529 961 610 1026 solet
637 961 762 1024 secutus
785 955 975 1034 πεισθέντας
997 959 1029 1022 in
1052 955 1236 1033 πεισθέντες
1259 959 1408 1035 mutauit;
1431 957 1515 1023 idem
1537 977 1611 1023 uero
1634 957 1689 1024 ob-

244 1077 318 1144 litus
342 1079 389 1145 est
414 1077 494 1162 quod
518 1077 651 1142 debebat
675 1070 839 1160 ἡγήσασθε
861 1075 975 1140 iterum
999 1074 1032 1138 in
1054 1067 1218 1158 ἡγήσησθε
1239 1075 1370 1138 mutare.

701 1190 718 1260 β
970 1207 989 1241 οι

331 1266 361 1342 5,
392 1265 432 1327 10
462 1264 669 1348 archetypus:
702 1259 942 1327 νἰυταποθανεῖν
968 1265 1027 1326 τοῦ
1056 1258 1161 1344 νόμον
1190 1257 1340 1344 κειμένου
1362 1255 1420 1325 τὸν
1446 1255 1687 1328 ἀποκτείναντα.

243 1380 395 1464 lisignis
418 1381 667 1462 transpositionis
691 1379 813 1444 omissis
837 1397 891 1443 suo
915 1377 1044 1442 fortasse
1071 1377 1184 1442 iudicio
1213 1396 1286 1442 usus
1312 1377 1440 1460 reliquit
1467 1377 1563 1442 uerba
1591 1379 1624 1442 in
1652 1397 1688 1444 eo

242 1495 349 1559 ordine
366 1513 424 1578 quo
448 1497 564 1577 scripta
588 1495 684 1559 erant.
719 1493 748 1559 A
763 1495 907 1558 librarius
925 1493 1033 1558 eodem
1049 1513 1172 1575 prorsus
1187 1493 1278 1558 modo
1294 1511 1385 1578 quem
1401 1495 1433 1558 in
1451 1494 1470 1564 3
1487 1495 1506 1578 β
1523 1497 1561 1560 10
1577 1494 1688 1576 depre-

242 1611 407 1676 hendimus
429 1612 526 1676 uerba
549 1608 714 1692 descripsit
737 1609 850 1676 additis
872 1609 936 1674 illis
959 1610 1078 1674 duabus
1100 1611 1215 1676 litteris
1247 1612 1267 1694 β
1290 1612 1323 1675 et
1345 1634 1375 1688 α,
1406 1609 1510 1692 qualia
1542 1611 1689 1676 extabant

241 1729 273 1792 in
297 1729 477 1812 archetypa
502 1729 521 1812 β
545 1730 652 1812 contra
675 1729 751 1792 haee
774 1727 855 1810 sigla
877 1725 955 1791 falso
978 1727 1024 1790 ita
1051 1727 1277 1808 interpretatus
1306 1727 1342 1790 ut
1370 1720 1428 1790 τὸν
1456 1721 1687 1792 ἀποκτείναντα

1239 1860 1257 1892 α
1352 1851 1357 1864 .

242 1935 451 1999 accusatiuum
481 1958 501 1998 α
529 1935 603 1998 nota
631 1934 663 1998 et
693 1933 797 2015 ipsum
829 1931 1103 2014 comprehenderet
1136 1933 1201 1997 sic:
1235 1936 1294 1998 τοῦ
1322 1930 1427 2014 νόμον
1453 1929 1601 2016 κειμένου
1629 1929 1687 1999 τὸν

1265 2068 1284 2100 α

241 2137 487 2220 ἀποκτείναντα,
513 2157 583 2206 cum
606 2142 682 2205 haec
705 2139 816 2205 suisset
838 2139 982 2204 uoluntas
1006 2138 1235 2203 emendatoris:
1262 2142 1322 2203 τοῦ
1343 2133 1448 2223 νόμον
1470 2137 1628 2226 κειμένου,
1651 2139 1687 2206 ub

240 2255 297 2322 τὸν
322 2252 554 2321 ἀποκτείναντα
578 2257 687 2322 ultimo
711 2258 851 2320 maneret
866 2256 945 2334 loco,
969 2255 1093 2337 scripsit
1116 2254 1195 2338 quod
1218 2273 1308 2320 hemo
1332 2255 1485 2320 iusserat:
1508 2259 1567 2321 τοῦ
1582 2251 1686 2338 νόμον

241 2369 390 2456 κειμένου
420 2369 487 2454 τὸν
512 2367 744 2436 ἀποκτείναντα
773 2367 1023 2436 ἄνταποθαυείν.
1070 2372 1136 2438 Iam
1165 2389 1239 2435 uero
1274 2390 1344 2435 cunr
1372 2369 1419 2436 Al
1450 2391 1542 2454 quem
1571 2373 1687 2438 scimus

239 2489 271 2554 id
296 2491 407 2572 egisse,
433 2489 467 2552 ut
490 2486 519 2552 A
542 2488 679 2554 codicem
704 2507 740 2552 ex
763 2485 931 2570 exemplari
954 2486 1133 2551 emendaret
1156 2486 1237 2569 quod
1260 2487 1298 2550 ad
1326 2487 1478 2553 familiam
1501 2491 1521 2574 β
1549 2488 1686 2570 pertine-

240 2605 303 2682 bat,
329 2603 443 2668 rectius
468 2603 591 2685 quidem
615 2622 707 2688 quam
730 2606 750 2687 β
772 2603 917 2667 librarius
940 2603 1007 2685 ipse
1030 2604 1122 2667 notae
1151 2604 1399 2684 transpositionis
1428 2604 1502 2686 quid
1529 2603 1687 2688 siguifica-

238 2721 311 2810 rent
330 2719 510 2803 intelligens
534 2719 708 2802 discrepare
730 2721 810 2784 hanc
834 2719 1091 2802 significationem
1115 2737 1183 2782 cum
1202 2719 1369 2801 exemplari
1384 2739 1438 2784 suo
1455 2722 1541 2785 ratus
1564 2744 1584 2804 γ
1606 2719 1686 2786 illud

240 2837 277 2908 de
301 2855 360 2918 quo
383 2837 475 2918 supra
497 2856 550 2920 pg.
578 2838 615 2900 11
647 2835 778 2900 diximus
805 2835 885 2900 infra
914 2831 1154 2900 ἀνταποθανεῖν
1188 2855 1263 2902 uoce
1292 2836 1330 2901 de
1358 2855 1413 2902 suo
1442 2835 1545 2920 po'suit
1573 2834 1684 2920 quippe

242 2951 291 3016 oui
314 2971 373 3017 non
397 2951 548 3017 secundus
570 2951 657 3016 locus
680 2952 735 3016 sed
757 2953 870 3018 tertius
893 2953 975 3016 esset
997 2951 1236 3035 adsignemus·

327 3068 363 3132 ln
386 3069 416 3146 5,
442 3069 484 3131 49
502 3067 633 3150 siggino
657 3069 777 3150 primus
801 3068 978 3132 obseruauit
1004 3069 1036 3132 iu
1068 3067 1096 3135 A
1125 3069 1274 3152 scriptum
1309 3089 1375 3134 esse
1409 3069 1685 3153 προτείνοντας

170 3175 172 3180 ’
240 3182 411 3266 (Bellerus
434 3184 663 3268 προτείναντος
685 3184 766 3268 quod
788 3183 933 3248 Reishius
956 3185 1129 3258 coniecerat
1151 3185 1183 3248 in
1206 3184 1236 3250 A
1259 3204 1325 3250 esse
1349 3184 1454 3250 diceus
1477 3185 1626 3271 fallitur);
1654 3187 1684 3250 N

236 3299 466 3382 προτείναντας
489 3300 623 3378 exhibet,
648 3300 936 3383 demonstratorem,
961 3302 1056 3365 ceteri
1080 3301 1167 3366 codd.
1193 3303 1224 3366 et
1247 3301 1369 3366 ueteres
1391 3302 1543 3367 editiones
1559 3303 1684 3388 προτεί-

237 3437 360 3484 ναντε,
390 3415 466 3480 Erat
489 3435 563 3500 ergo
585 3417 618 3481 in
641 3417 808 3500 archetypo
832 3419 907 3482 haec
931 3416 1042 3499 duplex
1064 3417 1157 3482 lectio

1005 3551 1037 3584 01¹

837 3603 1075 3688 προτείνοντας.

326 3719 545 3812 dilectionem
562 3735 640 3802 quae
664 3721 765 3784 fuerat
787 3722 919 3802 recepit;
943 3720 970 3784 A
996 3739 1061 3786 earn
1081 3740 1158 3802 quae
1182 3723 1390 3804 suprascripta
1413 3723 1488 3800 erat,
1513 3726 1533 3806 β
1552 3743 1623 3788 cum
1646 3747 1685 3788 ον

237 3820 442 3901 correctioin
465 3837 634 3919 archetypo
657 3835 852 3904 incommode
877 3856 969 3918 supra
992 3861 1009 3900 τ
1033 3839 1263 3920 conspiceretur
1286 3838 1389 3922 inepte
1413 3857 1486 3903 sane
1502 3840 1588 3904 ratus
1611 3841 1684 3904 sub·

237 3951 429 4016 stitueudam
460 3971 528 4016 eam
553 3969 619 4018 esse
649 3971 704 4034 pro
733 3953 846 4016 ultima
880 3953 998 4036 syllaba
1033 3954 1172 4018 exhibuit
1205 3956 1443 4038 προτείναντον.
1489 3956 1525 4020 ld
1553 3975 1622 4022 cum
1649 3958 1685 4022 ut

239 4067 305 4130 erat
331 4067 498 4132 absurdum
521 4067 689 4146 uideretur,
721 4069 880 4152 archetypi
908 4069 1079 4134 ceterorum
1105 4069 1245 4135 codicum
1272 4071 1416 4136 librarius
1439 4073 1538 4137 inuita
1561 4073 1684 4156 quidem

237 4181 380 4254 Minerua
395 4183 450 4248 sed
472 4183 517 4248 ita
539 4185 575 4248 ut
598 4185 712 4267 speciei
734 4185 862 4249 rationis
878 4186 1098 4268 grammaticae
1115 4187 1338 4268 quodammodo
1362 4189 1541 4268 satisfieret,
1558 4190 1684 4272 propter

239 4289 378 4362 datiuum
402 4295 489 4388 αὐτῷ
513 4301 564 4383 qui
587 4301 745 4382 praecedit
763 4301 799 4364 in
821 4299 1024 4385 προτείναντι
1046 4303 1229 4368 mutandum
1251 4305 1383 4387 putauit.

830 4530 1092 4538 Ἣ,-
