<?xml version="1.0" encoding="UTF-8"?>
<!DOCTYPE html PUBLIC "-//W3C//DTD XHTML 1.0 Transitional//EN"
    "http://www.w3.org/TR/xhtml1/DTD/xhtml1-transitional.dtd">
<html xmlns="http://www.w3.org/1999/xhtml" xml:lang="en" lang="en">
 <head>
  <title>
</title>
<meta http-equiv="Content-Type" content="text/html;charset=utf-8" />
  <meta name='ocr-system' content='tesseract 3.04.00' />
  <meta name='ocr-capabilities' content='ocr_page ocr_carea ocr_par ocr_line ocrx_word'/>
</head>
<body>
  <div class='ocr_page' id='page_1' title='image "arnoldihugcomme00huggoog_0018.png"; bbox 0 0 3990 5176; ppageno 0'>
   <div class='ocr_carea' id='block_1_1' title="bbox 863 345 1079 416">
    <p class='ocr_par' dir='ltr' id='par_1_1' title="bbox 863 345 1079 416">
     <span class='ocr_line' id='line_1_1' title="bbox 863 345 1079 416; baseline 0 -20"><span class='ocrx_word' id='word_1_1' title='bbox 863 345 1079 416; x_wconf 75' lang='lat'>..13..</span> 
     </span>
    </p>
   </div>
   <div class='ocr_carea' id='block_1_2' title="bbox 247 539 1715 742">
    <p class='ocr_par' dir='ltr' id='par_1_2' title="bbox 247 539 1715 742">
     <span class='ocr_line' id='line_1_2' title="bbox 247 539 1712 628; baseline -0.001 -20"><span class='ocrx_word' id='word_1_2' title='bbox 247 540 330 608; x_wconf 88' lang='lat' dir='ltr'>solus</span> <span class='ocrx_word' id='word_1_3' title='bbox 353 539 405 608; x_wconf 88' lang='lat' dir='ltr'>uel</span> <span class='ocrx_word' id='word_1_4' title='bbox 427 559 535 607; x_wconf 89' lang='lat' dir='ltr'>ueram</span> <span class='ocrx_word' id='word_1_5' title='bbox 557 540 610 608; x_wconf 91' lang='lat' dir='ltr'>nel</span> <span class='ocrx_word' id='word_1_6' title='bbox 631 560 706 607; x_wconf 90' lang='lat' dir='ltr'>uero</span> <span class='ocrx_word' id='word_1_7' title='bbox 729 541 905 626; x_wconf 83' lang='lat' dir='ltr'>propiorem</span> <span class='ocrx_word' id='word_1_8' title='bbox 927 541 1094 610; x_wconf 81' lang='lat' dir='ltr'>lectionem</span> <span class='ocrx_word' id='word_1_9' title='bbox 1117 559 1257 610; x_wconf 90' lang='lat' dir='ltr'>seruasse</span> <span class='ocrx_word' id='word_1_10' title='bbox 1280 543 1310 610; x_wconf 81' lang='grc' dir='ltr'><strong>Α</strong></span> <span class='ocrx_word' id='word_1_11' title='bbox 1332 562 1378 628; x_wconf 91' lang='lat' dir='ltr'>pr.</span> <span class='ocrx_word' id='word_1_12' title='bbox 1402 544 1556 609; x_wconf 68' lang='lat' dir='ltr'>uideaturss</span> <span class='ocrx_word' id='word_1_13' title='bbox 1591 543 1641 609; x_wconf 88' lang='lat' dir='ltr'>Ita</span> <span class='ocrx_word' id='word_1_14' title='bbox 1663 545 1712 610; x_wconf 85' lang='lat' dir='ltr'>in.</span> 
     </span>
     <span class='ocr_line' id='line_1_3' title="bbox 247 657 1715 742; baseline 0.001 -19"><span class='ocrx_word' id='word_1_15' title='bbox 247 657 354 724; x_wconf 88' lang='lat' dir='ltr'>eadem</span> <span class='ocrx_word' id='word_1_16' title='bbox 377 659 572 742; x_wconf 82' lang='lat' dir='ltr'>paragrapho</span> <span class='ocrx_word' id='word_1_17' title='bbox 596 657 727 740; x_wconf 78' lang='grc' dir='ltr'><strong><em>κυρίων,</em></strong></span> <span class='ocrx_word' id='word_1_18' title='bbox 751 676 805 742; x_wconf 89' lang='lat' dir='ltr'>pro</span> <span class='ocrx_word' id='word_1_19' title='bbox 829 677 888 742; x_wconf 91' lang='lat' dir='ltr'>quo</span> <span class='ocrx_word' id='word_1_20' title='bbox 911 677 981 724; x_wconf 90' lang='lat' dir='ltr'>oum</span> <span class='ocrx_word' id='word_1_21' title='bbox 1004 659 1043 724; x_wconf 92' lang='lat' dir='ltr'>ab</span> <span class='ocrx_word' id='word_1_22' title='bbox 1067 659 1212 724; x_wconf 90' lang='lat' dir='ltr'>omnibus</span> <span class='ocrx_word' id='word_1_23' title='bbox 1235 660 1348 727; x_wconf 83' lang='lat' dir='ltr'>octaris</span> <span class='ocrx_word' id='word_1_24' title='bbox 1374 661 1406 725; x_wconf 90' lang='lat' dir='ltr'>et</span> <span class='ocrx_word' id='word_1_25' title='bbox 1428 661 1467 725; x_wconf 88' lang='lat' dir='ltr'>ab</span> <span class='ocrx_word' id='word_1_26' title='bbox 1490 659 1531 726; x_wconf 64' lang='lat' dir='ltr'>A*</span> <span class='ocrx_word' id='word_1_27' title='bbox 1555 661 1587 726; x_wconf 89' lang='lat' dir='ltr'>et</span> <span class='ocrx_word' id='word_1_28' title='bbox 1611 661 1649 725; x_wconf 90' lang='lat' dir='ltr'>ab</span> <span class='ocrx_word' id='word_1_29' title='bbox 1665 659 1715 724; x_wconf 48' lang='lat' dir='ltr'>N*</span> 
     </span>
    </p>
   </div>
   <div class='ocr_carea' id='block_1_3' title="bbox 246 771 1694 861">
    <p class='ocr_par' dir='ltr' id='par_1_3' title="bbox 246 771 1694 861">
     <span class='ocr_line' id='line_1_4' title="bbox 246 771 1694 861; baseline 0.003 -23"><span class='ocrx_word' id='word_1_30' title='bbox 246 773 279 838; x_wconf 87' lang='lat' dir='ltr'>ot</span> <span class='ocrx_word' id='word_1_31' title='bbox 300 773 339 838; x_wconf 90' lang='lat' dir='ltr'>ab</span> <span class='ocrx_word' id='word_1_32' title='bbox 363 771 570 838; x_wconf 87' lang='lat' dir='ltr'>deterioribus</span> <span class='ocrx_word' id='word_1_33' title='bbox 594 774 745 856; x_wconf 89' lang='lat' dir='ltr'>scriptum</span> <span class='ocrx_word' id='word_1_34' title='bbox 767 775 810 839; x_wconf 89' lang='lat' dir='ltr'>sit</span> <span class='ocrx_word' id='word_1_35' title='bbox 832 775 960 856; x_wconf 78' lang='grc' dir='ltr'><strong><em>κυρίως,</em></strong></span> <span class='ocrx_word' id='word_1_36' title='bbox 993 775 1065 841; x_wconf 88' lang='lat' dir='ltr'>inde</span> <span class='ocrx_word' id='word_1_37' title='bbox 1093 775 1241 842; x_wconf 91' lang='lat' dir='ltr'>concludo</span> <span class='ocrx_word' id='word_1_38' title='bbox 1271 777 1305 842; x_wconf 91' lang='lat' dir='ltr'>in</span> <span class='ocrx_word' id='word_1_39' title='bbox 1337 776 1505 861; x_wconf 83' lang='lat' dir='ltr'>archetypo</span> <span class='ocrx_word' id='word_1_40' title='bbox 1537 775 1694 859; x_wconf 77' lang='lat' dir='ltr'>duplicem</span> 
     </span>
    </p>
   </div>
   <div class='ocr_carea' id='block_1_4' title="bbox 244 881 1695 1019">
    <p class='ocr_par' dir='ltr' id='par_1_4' title="bbox 244 881 1695 1019">
     <span class='ocr_line' id='line_1_5' title="bbox 244 881 1695 1019; baseline 0.002 -21"><span class='ocrx_word' id='word_1_41' title='bbox 244 934 307 998; x_wconf 92' lang='lat' dir='ltr'>iam</span> <span class='ocrx_word' id='word_1_42' title='bbox 329 931 495 999; x_wconf 91' lang='lat' dir='ltr'>lectionem</span> <span class='ocrx_word' id='word_1_43' title='bbox 518 933 659 1000; x_wconf 73' lang='lat' dir='ltr'><strong>extitisse</strong></span> <span class='ocrx_word' id='word_1_44' title='bbox 682 881 813 1018; x_wconf 50' lang='lat' dir='ltr'>svarei.</span> <span class='ocrx_word' id='word_1_45' title='bbox 852 908 994 1000; x_wconf 83' lang='lat' dir='ltr'>Similem</span> <span class='ocrx_word' id='word_1_46' title='bbox 1016 935 1047 1000; x_wconf 93' lang='lat' dir='ltr'>in</span> <span class='ocrx_word' id='word_1_47' title='bbox 1068 935 1196 1001; x_wconf 92' lang='lat' dir='ltr'>modum</span> <span class='ocrx_word' id='word_1_48' title='bbox 1216 935 1430 1019; x_wconf 89' lang='lat' dir='ltr'>explicandum</span> <span class='ocrx_word' id='word_1_49' title='bbox 1454 936 1579 1001; x_wconf 90' lang='lat' dir='ltr'>uidetur</span> <span class='ocrx_word' id='word_1_50' title='bbox 1598 936 1695 1006; x_wconf 77' lang='lat'>516:</span> 
     </span>
    </p>
   </div>
   <div class='ocr_carea' id='block_1_5' title="bbox 197 1033 1780 2879">
    <p class='ocr_par' dir='ltr' id='par_1_5' title="bbox 197 1033 1780 2879">
     <span class='ocr_line' id='line_1_6' title="bbox 245 1033 1697 1136; baseline 0.001 -22"><span class='ocrx_word' id='word_1_51' title='bbox 245 1043 450 1115; x_wconf 78' lang='grc' dir='ltr'><strong><em>ὑπολείπεται</em></strong></span> <span class='ocrx_word' id='word_1_52' title='bbox 472 1051 500 1116; x_wconf 83' lang='grc' dir='ltr'><strong>Α</strong></span> <span class='ocrx_word' id='word_1_53' title='bbox 524 1069 583 1133; x_wconf 93' lang='lat' dir='ltr'>pr.‚</span> <span class='ocrx_word' id='word_1_54' title='bbox 609 1050 690 1134; x_wconf 86' lang='lat' dir='ltr'>quod</span> <span class='ocrx_word' id='word_1_55' title='bbox 713 1050 866 1116; x_wconf 90' lang='lat' dir='ltr'>editiones</span> <span class='ocrx_word' id='word_1_56' title='bbox 894 1033 1021 1131; x_wconf 85' lang='lat' dir='ltr'>habent,</span> <span class='ocrx_word' id='word_1_57' title='bbox 1050 1045 1255 1117; x_wconf 77' lang='grc' dir='ltr'><strong><em>ἀπολείπεται</em></strong></span> <span class='ocrx_word' id='word_1_58' title='bbox 1286 1050 1326 1118; x_wconf 84' lang='lat' dir='ltr'>A‘</span> <span class='ocrx_word' id='word_1_59' title='bbox 1350 1052 1381 1116; x_wconf 89' lang='lat' dir='ltr'>N</span> <span class='ocrx_word' id='word_1_60' title='bbox 1395 1053 1422 1116; x_wconf 89' lang='lat' dir='ltr'>B</span> <span class='ocrx_word' id='word_1_61' title='bbox 1438 1051 1460 1116; x_wconf 85' lang='lat' dir='ltr'>Z</span> <span class='ocrx_word' id='word_1_62' title='bbox 1477 1051 1521 1116; x_wconf 89' lang='grc' dir='ltr'>Μ.</span> <span class='ocrx_word' id='word_1_63' title='bbox 1551 1051 1697 1136; x_wconf 88' lang='lat' dir='ltr'>(Prorsus</span> 
     </span>
     <span class='ocr_line' id='line_1_7' title="bbox 245 1153 1696 1253; baseline 0.003 -23"><span class='ocrx_word' id='word_1_64' title='bbox 245 1165 358 1232; x_wconf 85' lang='lat' dir='ltr'>falsum</span> <span class='ocrx_word' id='word_1_65' title='bbox 382 1165 420 1232; x_wconf 90' lang='lat' dir='ltr'>de</span> <span class='ocrx_word' id='word_1_66' title='bbox 443 1165 502 1232; x_wconf 90' lang='lat' dir='ltr'>hoc</span> <span class='ocrx_word' id='word_1_67' title='bbox 523 1166 593 1232; x_wconf 89' lang='lat' dir='ltr'>loco</span> <span class='ocrx_word' id='word_1_68' title='bbox 614 1166 786 1232; x_wconf 86' lang='lat' dir='ltr'>Maetnnori</span> <span class='ocrx_word' id='word_1_69' title='bbox 803 1167 976 1250; x_wconf 89' lang='lat' dir='ltr'>Blassiique</span> <span class='ocrx_word' id='word_1_70' title='bbox 1000 1153 1241 1253; x_wconf 82' lang='lat' dir='ltr'>testimonium.)</span> <span class='ocrx_word' id='word_1_71' title='bbox 1275 1167 1331 1233; x_wconf 78' lang='lat' dir='ltr'>hd</span> <span class='ocrx_word' id='word_1_72' title='bbox 1345 1178 1459 1234; x_wconf 79' lang='lat' dir='ltr'>&#39;ueram</span> <span class='ocrx_word' id='word_1_73' title='bbox 1475 1167 1586 1232; x_wconf 90' lang='lat' dir='ltr'>deinde</span> <span class='ocrx_word' id='word_1_74' title='bbox 1603 1167 1696 1234; x_wconf 87' lang='lat' dir='ltr'>Anti-</span> 
     </span>
     <span class='ocr_line' id='line_1_8' title="bbox 245 1281 1694 1368; baseline 0.001 -22"><span class='ocrx_word' id='word_1_75' title='bbox 245 1281 372 1365; x_wconf 76' lang='lat' dir='ltr'>phontis</span> <span class='ocrx_word' id='word_1_76' title='bbox 396 1282 582 1364; x_wconf 89' lang='lat' dir='ltr'>soripturam</span> <span class='ocrx_word' id='word_1_77' title='bbox 605 1283 717 1348; x_wconf 88' lang='lat' dir='ltr'>ducere</span> <span class='ocrx_word' id='word_1_78' title='bbox 740 1283 818 1348; x_wconf 91' lang='lat' dir='ltr'>mihi</span> <span class='ocrx_word' id='word_1_79' title='bbox 841 1281 966 1349; x_wconf 88' lang='lat' dir='ltr'>uidetur</span> <span class='ocrx_word' id='word_1_80' title='bbox 988 1285 1065 1350; x_wconf 89' lang='lat' dir='ltr'>haec</span> <span class='ocrx_word' id='word_1_81' title='bbox 1088 1283 1257 1368; x_wconf 87' lang='lat' dir='ltr'>singularis</span> <span class='ocrx_word' id='word_1_82' title='bbox 1285 1285 1314 1348; x_wconf 85' lang='lat' dir='ltr'>A</span> <span class='ocrx_word' id='word_1_83' title='bbox 1337 1303 1384 1368; x_wconf 90' lang='lat' dir='ltr'>pr.</span> <span class='ocrx_word' id='word_1_84' title='bbox 1409 1285 1562 1368; x_wconf 88' lang='lat' dir='ltr'>scriptura</span> <span class='ocrx_word' id='word_1_85' title='bbox 1592 1284 1608 1354; x_wconf 94' lang='lat' dir='ltr'>l</span> <span class='ocrx_word' id='word_1_86' title='bbox 1636 1285 1694 1350; x_wconf 85' lang='lat'>19:</span> 
     </span>
     <span class='ocr_line' id='line_1_9' title="bbox 244 1391 1695 1486; baseline 0.002 -24"><span class='ocrx_word' id='word_1_87' title='bbox 244 1393 352 1463; x_wconf 81' lang='grc' dir='ltr'><strong><em>πλέον.</em></strong></span> <span class='ocrx_word' id='word_1_88' title='bbox 377 1421 407 1462; x_wconf 83' lang='grc' dir='ltr'>ο.</span> <span class='ocrx_word' id='word_1_89' title='bbox 432 1395 630 1484; x_wconf 78' lang='grc' dir='ltr'><strong><em>φιίηοομένη</em></strong></span> <span class='ocrx_word' id='word_1_90' title='bbox 652 1398 683 1463; x_wconf 91' lang='lat' dir='ltr'>h.</span> <span class='ocrx_word' id='word_1_91' title='bbox 709 1417 735 1464; x_wconf 89' lang='lat' dir='ltr'>e.</span> <span class='ocrx_word' id='word_1_92' title='bbox 765 1395 864 1464; x_wconf 78' lang='grc' dir='ltr'><strong><em>πλέον</em></strong></span> <span class='ocrx_word' id='word_1_93' title='bbox 896 1397 959 1464; x_wconf 77' lang='grc' dir='ltr'>καὶ</span> <span class='ocrx_word' id='word_1_94' title='bbox 992 1391 1197 1486; x_wconf 68' lang='lat' dir='ltr'>palocopiam.</span> <span class='ocrx_word' id='word_1_95' title='bbox 1245 1398 1334 1481; x_wconf 83' lang='lat' dir='ltr'>Quod</span> <span class='ocrx_word' id='word_1_96' title='bbox 1364 1401 1470 1466; x_wconf 85' lang='lat' dir='ltr'>autem</span> <span class='ocrx_word' id='word_1_97' title='bbox 1497 1399 1546 1464; x_wconf 89' lang='lat' dir='ltr'>illi</span> <span class='ocrx_word' id='word_1_98' title='bbox 1578 1397 1632 1464; x_wconf 84' lang='grc' dir='ltr'>καὶ</span> <span class='ocrx_word' id='word_1_99' title='bbox 1654 1398 1695 1465; x_wconf 83' lang='lat' dir='ltr'>A‘</span> 
     </span>
     <span class='ocr_line' id='line_1_10' title="bbox 243 1515 1695 1600; baseline 0.001 -22"><span class='ocrx_word' id='word_1_100' title='bbox 243 1516 368 1598; x_wconf 79' lang='grc' dir='ltr'><strong><em>μᾶλλον</em></strong></span> <span class='ocrx_word' id='word_1_101' title='bbox 390 1533 587 1580; x_wconf 90' lang='lat' dir='ltr'>communem</span> <span class='ocrx_word' id='word_1_102' title='bbox 609 1515 746 1580; x_wconf 91' lang='lat' dir='ltr'>omnium</span> <span class='ocrx_word' id='word_1_103' title='bbox 769 1515 904 1586; x_wconf 81' lang='lat' dir='ltr'>formam¹</span> <span class='ocrx_word' id='word_1_104' title='bbox 924 1516 1099 1596; x_wconf 87' lang='lat' dir='ltr'>substituit,</span> <span class='ocrx_word' id='word_1_105' title='bbox 1123 1535 1160 1582; x_wconf 90' lang='lat' dir='ltr'>eo</span> <span class='ocrx_word' id='word_1_106' title='bbox 1183 1517 1258 1600; x_wconf 88' lang='lat' dir='ltr'>puto</span> <span class='ocrx_word' id='word_1_107' title='bbox 1281 1517 1449 1600; x_wconf 87' lang='lat' dir='ltr'>pertinere,</span> <span class='ocrx_word' id='word_1_108' title='bbox 1473 1515 1508 1581; x_wconf 93' lang='lat' dir='ltr'>ut</span> <span class='ocrx_word' id='word_1_109' title='bbox 1530 1516 1563 1580; x_wconf 93' lang='lat' dir='ltr'>in</span> <span class='ocrx_word' id='word_1_110' title='bbox 1586 1517 1695 1581; x_wconf 91' lang='lat' dir='ltr'>arche·</span> 
     </span>
     <span class='ocr_line' id='line_1_11' title="bbox 244 1629 1696 1715; baseline 0.002 -21"><span class='ocrx_word' id='word_1_111' title='bbox 244 1631 318 1713; x_wconf 81' lang='lat' dir='ltr'>typo</span> <span class='ocrx_word' id='word_1_112' title='bbox 344 1629 494 1694; x_wconf 90' lang='lat' dir='ltr'>omissum</span> <span class='ocrx_word' id='word_1_113' title='bbox 523 1629 602 1695; x_wconf 92' lang='lat' dir='ltr'>illud</span> <span class='ocrx_word' id='word_1_114' title='bbox 632 1633 756 1714; x_wconf 81' lang='grc' dir='ltr'><strong><em>μᾶίίον</em></strong></span> <span class='ocrx_word' id='word_1_115' title='bbox 783 1650 876 1715; x_wconf 88' lang='lat' dir='ltr'>supra</span> <span class='ocrx_word' id='word_1_116' title='bbox 902 1630 955 1697; x_wconf 85' lang='grc' dir='ltr'>καί</span> <span class='ocrx_word' id='word_1_117' title='bbox 989 1633 1137 1715; x_wconf 85' lang='lat' dir='ltr'>scriptum</span> <span class='ocrx_word' id='word_1_118' title='bbox 1171 1631 1267 1698; x_wconf 87' lang='lat' dir='ltr'>fuisse</span> <span class='ocrx_word' id='word_1_119' title='bbox 1301 1633 1486 1698; x_wconf 88' lang='lat' dir='ltr'>statuamus.</span> <span class='ocrx_word' id='word_1_120' title='bbox 1532 1631 1696 1715; x_wconf 77' lang='lat' dir='ltr'>Antiphon</span> 
     </span>
     <span class='ocr_line' id='line_1_12' title="bbox 245 1742 1696 1838; baseline 0.003 -28"><span class='ocrx_word' id='word_1_121' title='bbox 245 1763 318 1812; x_wconf 90' lang='lat' dir='ltr'>uero</span> <span class='ocrx_word' id='word_1_122' title='bbox 350 1746 416 1830; x_wconf 90' lang='lat' dir='ltr'>ipse</span> <span class='ocrx_word' id='word_1_123' title='bbox 451 1745 618 1830; x_wconf 71' lang='lat' dir='ltr'>scripserat</span> <span class='ocrx_word' id='word_1_124' title='bbox 651 1749 840 1832; x_wconf 88' lang='lat' dir='ltr'>utrumque:</span> <span class='ocrx_word' id='word_1_125' title='bbox 875 1742 924 1826; x_wconf 77' lang='grc' dir='ltr'>ὥς</span> <span class='ocrx_word' id='word_1_126' title='bbox 954 1745 1029 1838; x_wconf 83' lang='grc' dir='ltr'>ὅσῳ</span> <span class='ocrx_word' id='word_1_127' title='bbox 1065 1747 1123 1835; x_wconf 86' lang='lat' dir='ltr'>(sio</span> <span class='ocrx_word' id='word_1_128' title='bbox 1153 1747 1260 1812; x_wconf 93' lang='lat' dir='ltr'>malim</span> <span class='ocrx_word' id='word_1_129' title='bbox 1287 1767 1342 1832; x_wconf 92' lang='lat' dir='ltr'>pro</span> <span class='ocrx_word' id='word_1_130' title='bbox 1374 1749 1468 1838; x_wconf 71' lang='grc' dir='ltr'><strong><em>ἴσως,</em></strong></span> <span class='ocrx_word' id='word_1_131' title='bbox 1501 1767 1570 1814; x_wconf 88' lang='lat' dir='ltr'>eum</span> <span class='ocrx_word' id='word_1_132' title='bbox 1598 1749 1696 1814; x_wconf 88' lang='lat' dir='ltr'>ceteri</span> 
     </span>
     <span class='ocr_line' id='line_1_13' title="bbox 243 1857 1695 1949; baseline 0.001 -22"><span class='ocrx_word' id='word_1_133' title='bbox 243 1879 350 1927; x_wconf 89' lang='lat' dir='ltr'>omnes</span> <span class='ocrx_word' id='word_1_134' title='bbox 373 1862 541 1928; x_wconf 89' lang='lat' dir='ltr'>secundum</span> <span class='ocrx_word' id='word_1_135' title='bbox 564 1863 741 1929; x_wconf 88' lang='lat' dir='ltr'>Bekkerum</span> <span class='ocrx_word' id='word_1_136' title='bbox 765 1857 809 1940; x_wconf 73' lang='grc' dir='ltr'>ὥς</span> <span class='ocrx_word' id='word_1_137' title='bbox 832 1863 859 1929; x_wconf 83' lang='grc' dir='ltr'>εἰ</span> <span class='ocrx_word' id='word_1_138' title='bbox 882 1864 1076 1949; x_wconf 85' lang='lat' dir='ltr'>scripserint)</span> <span class='ocrx_word' id='word_1_139' title='bbox 1105 1865 1176 1949; x_wconf 77' lang='grc' dir='ltr'><strong><em>δοίη</em></strong></span> <span class='ocrx_word' id='word_1_140' title='bbox 1199 1861 1308 1944; x_wconf 78' lang='grc' dir='ltr'><strong><em>πλέον,</em></strong></span> <span class='ocrx_word' id='word_1_141' title='bbox 1342 1867 1490 1948; x_wconf 77' lang='grc' dir='ltr'><strong><em>μᾶλλον</em></strong></span> <span class='ocrx_word' id='word_1_142' title='bbox 1512 1863 1576 1930; x_wconf 84' lang='grc' dir='ltr'>καὶ</span> <span class='ocrx_word' id='word_1_143' title='bbox 1599 1867 1695 1949; x_wconf 75' lang='grc' dir='ltr'><em>φιλη-</em></span> 
     </span>
     <span class='ocr_line' id='line_1_14' title="bbox 244 1974 1695 2069; baseline 0.002 -26"><span class='ocrx_word' id='word_1_144' title='bbox 244 1974 373 2062; x_wconf 80' lang='grc' dir='ltr'><strong><em>σομένη.</em></strong></span> <span class='ocrx_word' id='word_1_145' title='bbox 420 1979 483 2048; x_wconf 76' lang='lat' dir='ltr'>lo</span> <span class='ocrx_word' id='word_1_146' title='bbox 509 1981 567 2044; x_wconf 89' lang='lat'>10:</span> <span class='ocrx_word' id='word_1_147' title='bbox 598 1998 655 2062; x_wconf 92' lang='lat' dir='ltr'>pro</span> <span class='ocrx_word' id='word_1_148' title='bbox 678 1981 823 2064; x_wconf 87' lang='lat' dir='ltr'>corrupto</span> <span class='ocrx_word' id='word_1_149' title='bbox 851 1979 906 2046; x_wconf 90' lang='lat' dir='ltr'>illo</span> <span class='ocrx_word' id='word_1_150' title='bbox 938 1974 1004 2046; x_wconf 76' lang='grc' dir='ltr'>ἀλλ’</span> <span class='ocrx_word' id='word_1_151' title='bbox 1036 1976 1094 2046; x_wconf 76' lang='grc' dir='ltr'>ἐὰν</span> <span class='ocrx_word' id='word_1_152' title='bbox 1122 1978 1263 2069; x_wconf 75' lang='grc' dir='ltr'>ἐλεγχθῶ</span> <span class='ocrx_word' id='word_1_153' title='bbox 1289 2001 1360 2046; x_wconf 91' lang='lat' dir='ltr'>cum</span> <span class='ocrx_word' id='word_1_154' title='bbox 1387 1981 1547 2047; x_wconf 75' lang='lat' dir='ltr'>Belrkerus</span> <span class='ocrx_word' id='word_1_155' title='bbox 1575 1983 1695 2066; x_wconf 75' lang='grc' dir='ltr'><strong><em>ληφθῶ</em></strong></span> 
     </span>
     <span class='ocr_line' id='line_1_15' title="bbox 242 2087 1694 2182; baseline 0.003 -24"><span class='ocrx_word' id='word_1_156' title='bbox 242 2093 295 2159; x_wconf 88' lang='lat' dir='ltr'>uel</span> <span class='ocrx_word' id='word_1_157' title='bbox 318 2087 385 2158; x_wconf 77' lang='grc' dir='ltr'>ἁλῶ</span> <span class='ocrx_word' id='word_1_158' title='bbox 409 2094 601 2175; x_wconf 88' lang='lat' dir='ltr'>coniecisset,</span> <span class='ocrx_word' id='word_1_159' title='bbox 625 2095 765 2162; x_wconf 88' lang='lat' dir='ltr'>Blassius</span> <span class='ocrx_word' id='word_1_160' title='bbox 788 2095 982 2161; x_wconf 80' lang='lat' dir='ltr'>adsentiente</span> <span class='ocrx_word' id='word_1_161' title='bbox 1006 2095 1160 2162; x_wconf 87' lang='lat' dir='ltr'>Schoellio</span> <span class='ocrx_word' id='word_1_162' title='bbox 1185 2097 1332 2162; x_wconf 86' lang='lat' dir='ltr'>audacter</span> <span class='ocrx_word' id='word_1_163' title='bbox 1355 2100 1554 2182; x_wconf 74' lang='grc' dir='ltr'><strong><em>καταληφθῶ</em></strong></span> <span class='ocrx_word' id='word_1_164' title='bbox 1577 2097 1610 2162; x_wconf 92' lang='lat' dir='ltr'>in</span> <span class='ocrx_word' id='word_1_165' title='bbox 1625 2115 1694 2163; x_wconf 87' lang='lat' dir='ltr'>ora·</span> 
     </span>
     <span class='ocr_line' id='line_1_16' title="bbox 243 2209 1780 2302; baseline 0.002 -26"><span class='ocrx_word' id='word_1_166' title='bbox 243 2209 362 2276; x_wconf 88' lang='lat' dir='ltr'>tionem</span> <span class='ocrx_word' id='word_1_167' title='bbox 386 2211 515 2293; x_wconf 87' lang='lat' dir='ltr'>recepit.</span> <span class='ocrx_word' id='word_1_168' title='bbox 561 2209 616 2276; x_wconf 85' lang='lat' dir='ltr'>Sin</span> <span class='ocrx_word' id='word_1_169' title='bbox 639 2213 745 2276; x_wconf 89' lang='lat' dir='ltr'>autem</span> <span class='ocrx_word' id='word_1_170' title='bbox 771 2211 800 2278; x_wconf 86' lang='lat' dir='ltr'><strong>A</strong></span> <span class='ocrx_word' id='word_1_171' title='bbox 823 2213 935 2296; x_wconf 88' lang='lat' dir='ltr'>prioris</span> <span class='ocrx_word' id='word_1_172' title='bbox 963 2211 1132 2278; x_wconf 86' lang='lat' dir='ltr'>lectionem</span> <span class='ocrx_word' id='word_1_173' title='bbox 1167 2232 1245 2298; x_wconf 87' lang='lat' dir='ltr'>quae</span> <span class='ocrx_word' id='word_1_174' title='bbox 1280 2215 1328 2280; x_wconf 91' lang='lat' dir='ltr'>est</span> <span class='ocrx_word' id='word_1_175' title='bbox 1362 2211 1478 2298; x_wconf 61' lang='lat' dir='ltr'>raama</span> <span class='ocrx_word' id='word_1_176' title='bbox 1510 2214 1692 2297; x_wconf 81' lang='lat' dir='ltr'>respexeris,</span> <span class='ocrx_word' id='word_1_177' title='bbox 1778 2300 1780 2302; x_wconf 10' lang='lat' dir='ltr'>q</span> 
     </span>
     <span class='ocr_line' id='line_1_17' title="bbox 197 2313 1696 2412; baseline 0.001 -20"><span class='ocrx_word' id='word_1_178' title='bbox 197 2313 200 2319; x_wconf 61' lang='grc'>’</span> <span class='ocrx_word' id='word_1_179' title='bbox 242 2327 347 2410; x_wconf 89' lang='lat' dir='ltr'>potius</span> <span class='ocrx_word' id='word_1_180' title='bbox 371 2345 407 2392; x_wconf 92' lang='lat' dir='ltr'>eo</span> <span class='ocrx_word' id='word_1_181' title='bbox 431 2329 594 2410; x_wconf 90' lang='lat' dir='ltr'>peruenies</span> <span class='ocrx_word' id='word_1_182' title='bbox 618 2329 654 2393; x_wconf 90' lang='lat' dir='ltr'>ut</span> <span class='ocrx_word' id='word_1_183' title='bbox 676 2329 715 2394; x_wconf 90' lang='lat' dir='ltr'>ab</span> <span class='ocrx_word' id='word_1_184' title='bbox 738 2329 952 2412; x_wconf 85' lang='lat' dir='ltr'>Antiphonte:</span> <span class='ocrx_word' id='word_1_185' title='bbox 976 2323 1053 2394; x_wconf 76' lang='lat' dir='ltr'>aaa</span> <span class='ocrx_word' id='word_1_186' title='bbox 1076 2325 1145 2412; x_wconf 76' lang='grc' dir='ltr'>ἐγώ</span> <span class='ocrx_word' id='word_1_187' title='bbox 1169 2330 1319 2412; x_wconf 89' lang='lat' dir='ltr'>scriptum</span> <span class='ocrx_word' id='word_1_188' title='bbox 1349 2347 1416 2395; x_wconf 88' lang='lat' dir='ltr'>esse</span> <span class='ocrx_word' id='word_1_189' title='bbox 1440 2329 1584 2409; x_wconf 87' lang='lat' dir='ltr'>conicias,</span> <span class='ocrx_word' id='word_1_190' title='bbox 1614 2329 1696 2412; x_wconf 89' lang='lat' dir='ltr'>quod</span> 
     </span>
     <span class='ocr_line' id='line_1_18' title="bbox 241 2441 1694 2530; baseline 0.002 -23"><span class='ocrx_word' id='word_1_191' title='bbox 241 2443 406 2526; x_wconf 86' lang='lat' dir='ltr'>postquam</span> <span class='ocrx_word' id='word_1_192' title='bbox 428 2443 580 2526; x_wconf 88' lang='lat' dir='ltr'>paulatim</span> <span class='ocrx_word' id='word_1_193' title='bbox 602 2446 636 2509; x_wconf 93' lang='lat' dir='ltr'>in</span> <span class='ocrx_word' id='word_1_194' title='bbox 659 2441 756 2528; x_wconf 79' lang='grc' dir='ltr'><strong><em>ἐίεγω</em></strong></span> <span class='ocrx_word' id='word_1_195' title='bbox 779 2445 831 2512; x_wconf 90' lang='lat' dir='ltr'>uel</span> <span class='ocrx_word' id='word_1_196' title='bbox 854 2445 957 2510; x_wconf 89' lang='lat' dir='ltr'>simile</span> <span class='ocrx_word' id='word_1_197' title='bbox 980 2445 1055 2530; x_wconf 90' lang='lat' dir='ltr'>quid</span> <span class='ocrx_word' id='word_1_198' title='bbox 1077 2446 1200 2525; x_wconf 83' lang='lat' dir='ltr'>abierit,</span> <span class='ocrx_word' id='word_1_199' title='bbox 1224 2445 1376 2530; x_wconf 89' lang='lat' dir='ltr'>quomodo</span> <span class='ocrx_word' id='word_1_200' title='bbox 1400 2443 1540 2530; x_wconf 76' lang='grc' dir='ltr'>ἐλεγχθῶ</span> <span class='ocrx_word' id='word_1_201' title='bbox 1562 2445 1694 2512; x_wconf 88' lang='lat' dir='ltr'>formam</span> 
     </span>
     <span class='ocr_line' id='line_1_19' title="bbox 242 2549 1693 2646; baseline 0.003 -22"><span class='ocrx_word' id='word_1_202' title='bbox 242 2549 373 2625; x_wconf 83' lang='lat' dir='ltr'>nactum</span> <span class='ocrx_word' id='word_1_203' title='bbox 395 2559 446 2638; x_wconf 80' lang='lat' dir='ltr'>sit,</span> <span class='ocrx_word' id='word_1_204' title='bbox 470 2558 562 2624; x_wconf 84' lang='lat' dir='ltr'>facilc</span> <span class='ocrx_word' id='word_1_205' title='bbox 586 2561 634 2626; x_wconf 92' lang='lat' dir='ltr'>est</span> <span class='ocrx_word' id='word_1_206' title='bbox 656 2561 833 2640; x_wconf 81' lang='lat' dir='ltr'>intellectu:</span> <span class='ocrx_word' id='word_1_207' title='bbox 858 2557 919 2646; x_wconf 74' lang='lat' dir='ltr'>tyci</span> <span class='ocrx_word' id='word_1_208' title='bbox 943 2580 1112 2645; x_wconf 90' lang='lat' dir='ltr'>pronomen</span> <span class='ocrx_word' id='word_1_209' title='bbox 1134 2563 1218 2627; x_wconf 87' lang='lat' dir='ltr'>recte</span> <span class='ocrx_word' id='word_1_210' title='bbox 1238 2563 1402 2644; x_wconf 88' lang='lat' dir='ltr'>opponitur</span> <span class='ocrx_word' id='word_1_211' title='bbox 1416 2563 1537 2628; x_wconf 90' lang='lat' dir='ltr'>notioni</span> <span class='ocrx_word' id='word_1_212' title='bbox 1552 2561 1601 2628; x_wconf 92' lang='lat' dir='ltr'>illi</span> <span class='ocrx_word' id='word_1_213' title='bbox 1616 2581 1693 2646; x_wconf 88' lang='lat' dir='ltr'>quae</span> 
     </span>
     <span class='ocr_line' id='line_1_20' title="bbox 242 2657 1693 2762; baseline 0.002 -22"><span class='ocrx_word' id='word_1_214' title='bbox 242 2673 398 2758; x_wconf 82' lang='lat' dir='ltr'>sequitur:</span> <span class='ocrx_word' id='word_1_215' title='bbox 421 2663 489 2752; x_wconf 79' lang='grc' dir='ltr'><strong><em>τοῖς</em></strong></span> <span class='ocrx_word' id='word_1_216' title='bbox 511 2657 728 2762; x_wconf 76' lang='grc' dir='ltr'><strong><em>διωκομένοις.</em></strong></span> <span class='ocrx_word' id='word_1_217' title='bbox 775 2675 921 2742; x_wconf 82' lang='lat' dir='ltr'>Ceterum</span> <span class='ocrx_word' id='word_1_218' title='bbox 945 2677 1083 2744; x_wconf 85' lang='lat' dir='ltr'>conferas</span> <span class='ocrx_word' id='word_1_219' title='bbox 1116 2678 1222 2748; x_wconf 80' lang='lat'>535:</span> <span class='ocrx_word' id='word_1_220' title='bbox 1255 2673 1317 2761; x_wconf 73' lang='grc' dir='ltr'>ἐγώ</span> <span class='ocrx_word' id='word_1_221' title='bbox 1352 2673 1550 2762; x_wconf 77' lang='grc' dir='ltr'><strong><em>ἀπόλλυμαι,</em></strong></span> <span class='ocrx_word' id='word_1_222' title='bbox 1586 2678 1693 2748; x_wconf 81' lang='lat'>559:</span> 
     </span>
     <span class='ocr_line' id='line_1_21' title="bbox 242 2783 1694 2879; baseline 0.004 -23"><span class='ocrx_word' id='word_1_223' title='bbox 242 2789 296 2857; x_wconf 79' lang='grc' dir='ltr'>καὶ</span> <span class='ocrx_word' id='word_1_224' title='bbox 318 2785 403 2856; x_wconf 71' lang='lat' dir='ltr'>sota)</span> <span class='ocrx_word' id='word_1_225' title='bbox 427 2783 469 2856; x_wconf 75' lang='grc' dir='ltr'>ἄν</span> <span class='ocrx_word' id='word_1_226' title='bbox 491 2787 694 2878; x_wconf 79' lang='grc' dir='ltr'><strong><em>δικαιότερον</em></strong></span> <span class='ocrx_word' id='word_1_227' title='bbox 717 2786 850 2879; x_wconf 67' lang='lat' dir='ltr'>citatas</span> <span class='ocrx_word' id='word_1_228' title='bbox 872 2789 913 2859; x_wconf 82' lang='grc' dir='ltr'>οὐ</span> <span class='ocrx_word' id='word_1_229' title='bbox 936 2797 995 2858; x_wconf 85' lang='grc' dir='ltr'>τοῦ</span> <span class='ocrx_word' id='word_1_230' title='bbox 1019 2789 1136 2878; x_wconf 86' lang='grc' dir='ltr'><strong><em>φόνου.</em></strong></span> <span class='ocrx_word' id='word_1_231' title='bbox 1176 2793 1293 2875; x_wconf 85' lang='lat' dir='ltr'>Quodsi</span> <span class='ocrx_word' id='word_1_232' title='bbox 1316 2813 1353 2858; x_wconf 85' lang='lat' dir='ltr'>ex</span> <span class='ocrx_word' id='word_1_233' title='bbox 1375 2794 1499 2860; x_wconf 86' lang='lat' dir='ltr'>silentio</span> <span class='ocrx_word' id='word_1_234' title='bbox 1520 2793 1694 2862; x_wconf 80' lang='lat' dir='ltr'>Mastaneri</span> 
     </span>
    </p>
   </div>
   <div class='ocr_carea' id='block_1_6' title="bbox 245 2905 1694 2995">
    <p class='ocr_par' dir='ltr' id='par_1_6' title="bbox 245 2905 1694 2995">
     <span class='ocr_line' id='line_1_22' title="bbox 245 2905 1694 2995; baseline 0.003 -23"><span class='ocrx_word' id='word_1_235' title='bbox 245 2907 426 2974; x_wconf 85' lang='lat' dir='ltr'>concludere</span> <span class='ocrx_word' id='word_1_236' title='bbox 448 2906 525 2973; x_wconf 89' lang='lat' dir='ltr'>licet</span> <span class='ocrx_word' id='word_1_237' title='bbox 547 2908 643 2974; x_wconf 89' lang='lat' dir='ltr'>etiam</span> <span class='ocrx_word' id='word_1_238' title='bbox 665 2909 698 2974; x_wconf 91' lang='lat' dir='ltr'>in</span> <span class='ocrx_word' id='word_1_239' title='bbox 721 2908 751 2974; x_wconf 88' lang='lat' dir='ltr'>N</span> <span class='ocrx_word' id='word_1_240' title='bbox 773 2910 810 2975; x_wconf 91' lang='lat' dir='ltr'>ut</span> <span class='ocrx_word' id='word_1_241' title='bbox 832 2909 865 2974; x_wconf 92' lang='lat' dir='ltr'>in</span> <span class='ocrx_word' id='word_1_242' title='bbox 887 2911 1000 2976; x_wconf 87' lang='lat' dir='ltr'>ceteris</span> <span class='ocrx_word' id='word_1_243' title='bbox 1024 2911 1055 2976; x_wconf 87' lang='lat' dir='ltr'>et</span> <span class='ocrx_word' id='word_1_244' title='bbox 1069 2911 1102 2976; x_wconf 94' lang='lat' dir='ltr'>in</span> <span class='ocrx_word' id='word_1_245' title='bbox 1117 2908 1158 2975; x_wconf 77' lang='lat' dir='ltr'>A‘</span> <span class='ocrx_word' id='word_1_246' title='bbox 1179 2909 1244 2975; x_wconf 90' lang='lat' dir='ltr'>iam</span> <span class='ocrx_word' id='word_1_247' title='bbox 1268 2905 1408 2995; x_wconf 76' lang='grc' dir='ltr'><em>ἐλεγχθῶ</em></span> <span class='ocrx_word' id='word_1_248' title='bbox 1428 2910 1563 2976; x_wconf 88' lang='lat' dir='ltr'>formam</span> <span class='ocrx_word' id='word_1_249' title='bbox 1578 2911 1694 2990; x_wconf 80' lang='lat' dir='ltr'>extare,</span> 
     </span>
    </p>
   </div>
   <div class='ocr_carea' id='block_1_7' title="bbox 242 3018 1267 3174">
    <p class='ocr_par' dir='ltr' id='par_1_7' title="bbox 242 3018 1267 3174">
     <span class='ocr_line' id='line_1_23' title="bbox 242 3018 1267 3174; baseline 0.002 -23"><span class='ocrx_word' id='word_1_250' title='bbox 242 3085 275 3152; x_wconf 91' lang='lat' dir='ltr'>in</span> <span class='ocrx_word' id='word_1_251' title='bbox 296 3089 463 3173; x_wconf 82' lang='lat' dir='ltr'>archetypo</span> <span class='ocrx_word' id='word_1_252' title='bbox 487 3089 626 3154; x_wconf 89' lang='lat' dir='ltr'>omnium</span> <span class='ocrx_word' id='word_1_253' title='bbox 649 3087 806 3155; x_wconf 88' lang='lat' dir='ltr'>communi</span> <span class='ocrx_word' id='word_1_254' title='bbox 828 3089 978 3172; x_wconf 88' lang='lat' dir='ltr'>scriptum</span> <span class='ocrx_word' id='word_1_255' title='bbox 1001 3088 1118 3156; x_wconf 86' lang='lat' dir='ltr'>fuerit:</span> <span class='ocrx_word' id='word_1_256' title='bbox 1142 3018 1267 3174; x_wconf 55' lang='grc' dir='ltr'>ίίενῗχω.</span> 
     </span>
    </p>
   </div>
   <div class='ocr_carea' id='block_1_8' title="bbox 241 3195 1692 3524">
    <p class='ocr_par' dir='ltr' id='par_1_8' title="bbox 241 3195 1692 3524">
     <span class='ocr_line' id='line_1_24' title="bbox 330 3195 1692 3301; baseline 0.001 -33"><span class='ocrx_word' id='word_1_257' title='bbox 330 3203 389 3270; x_wconf 89' lang='lat' dir='ltr'>His</span> <span class='ocrx_word' id='word_1_258' title='bbox 410 3203 488 3268; x_wconf 91' lang='lat' dir='ltr'>locis</span> <span class='ocrx_word' id='word_1_259' title='bbox 511 3203 645 3270; x_wconf 86' lang='lat' dir='ltr'>adiciam</span> <span class='ocrx_word' id='word_1_260' title='bbox 666 3223 763 3270; x_wconf 90' lang='lat' dir='ltr'>unum</span> <span class='ocrx_word' id='word_1_261' title='bbox 785 3205 819 3270; x_wconf 92' lang='lat' dir='ltr'>in</span> <span class='ocrx_word' id='word_1_262' title='bbox 842 3205 1099 3301; x_wconf 24' lang='lat' dir='ltr'>quodemendatio</span> <span class='ocrx_word' id='word_1_263' title='bbox 1123 3203 1162 3269; x_wconf 88' lang='lat' dir='ltr'>ab</span> <span class='ocrx_word' id='word_1_264' title='bbox 1185 3204 1226 3271; x_wconf 62' lang='lat' dir='ltr'>A:</span> <span class='ocrx_word' id='word_1_265' title='bbox 1249 3195 1389 3272; x_wconf 86' lang='lat' dir='ltr'>adbibita</span> <span class='ocrx_word' id='word_1_266' title='bbox 1418 3221 1489 3271; x_wconf 89' lang='lat' dir='ltr'>cnm</span> <span class='ocrx_word' id='word_1_267' title='bbox 1516 3205 1692 3272; x_wconf 85' lang='lat' dir='ltr'>consentiat</span> 
     </span>
     <span class='ocr_line' id='line_1_25' title="bbox 241 3317 1691 3418; baseline 0.001 -32"><span class='ocrx_word' id='word_1_268' title='bbox 241 3337 312 3386; x_wconf 84' lang='lat' dir='ltr'>cum</span> <span class='ocrx_word' id='word_1_269' title='bbox 335 3320 510 3386; x_wconf 87' lang='lat' dir='ltr'>ceterorum</span> <span class='ocrx_word' id='word_1_270' title='bbox 532 3317 666 3386; x_wconf 89' lang='lat' dir='ltr'>lectione</span> <span class='ocrx_word' id='word_1_271' title='bbox 689 3339 708 3386; x_wconf 97' lang='lat' dir='ltr'>a</span> <span class='ocrx_word' id='word_1_272' title='bbox 729 3321 864 3387; x_wconf 86' lang='lat' dir='ltr'>lectione</span> <span class='ocrx_word' id='word_1_273' title='bbox 886 3321 920 3386; x_wconf 92' lang='lat' dir='ltr'>in</span> <span class='ocrx_word' id='word_1_274' title='bbox 942 3321 974 3386; x_wconf 89' lang='lat' dir='ltr'>N</span> <span class='ocrx_word' id='word_1_275' title='bbox 995 3323 1155 3418; x_wconf 88' lang='lat' dir='ltr'>proposita</span> <span class='ocrx_word' id='word_1_276' title='bbox 1183 3322 1228 3387; x_wconf 89' lang='lat' dir='ltr'>its</span> <span class='ocrx_word' id='word_1_277' title='bbox 1252 3321 1400 3398; x_wconf 90' lang='lat' dir='ltr'>discedit,</span> <span class='ocrx_word' id='word_1_278' title='bbox 1432 3324 1468 3388; x_wconf 91' lang='lat' dir='ltr'>ut</span> <span class='ocrx_word' id='word_1_279' title='bbox 1488 3322 1596 3388; x_wconf 87' lang='lat' dir='ltr'>tamen</span> <span class='ocrx_word' id='word_1_280' title='bbox 1627 3321 1691 3388; x_wconf 93' lang='lat' dir='ltr'>sint</span> 
     </span>
     <span class='ocr_line' id='line_1_26' title="bbox 241 3427 1691 3524; baseline 0.003 -24"><span class='ocrx_word' id='word_1_281' title='bbox 241 3433 379 3502; x_wconf 88' lang='lat' dir='ltr'>similes:</span> <span class='ocrx_word' id='word_1_282' title='bbox 403 3435 423 3504; x_wconf 80' lang='grc'>3</span> <span class='ocrx_word' id='word_1_283' title='bbox 446 3438 467 3520; x_wconf 83' lang='grc' dir='ltr'>β</span> <span class='ocrx_word' id='word_1_284' title='bbox 489 3438 510 3501; x_wconf 89' lang='grc'>3</span> <span class='ocrx_word' id='word_1_285' title='bbox 533 3433 563 3503; x_wconf 83' lang='lat' dir='ltr'>l</span> <span class='ocrx_word' id='word_1_286' title='bbox 585 3454 631 3520; x_wconf 88' lang='lat' dir='ltr'>pr.</span> <span class='ocrx_word' id='word_1_287' title='bbox 655 3436 797 3522; x_wconf 88' lang='lat' dir='ltr'>scripsit:</span> <span class='ocrx_word' id='word_1_288' title='bbox 822 3432 959 3504; x_wconf 78' lang='grc' dir='ltr'><strong><em>ἐδόκουν</em></strong></span> <span class='ocrx_word' id='word_1_289' title='bbox 980 3434 1049 3522; x_wconf 77' lang='grc' dir='ltr'>μὲν</span> <span class='ocrx_word' id='word_1_290' title='bbox 1072 3433 1177 3522; x_wconf 74' lang='grc' dir='ltr'><strong><em>ἔγωγε,</em></strong></span> <span class='ocrx_word' id='word_1_291' title='bbox 1203 3438 1243 3504; x_wconf 86' lang='lat' dir='ltr'>A‘</span> <span class='ocrx_word' id='word_1_292' title='bbox 1258 3437 1292 3503; x_wconf 92' lang='lat' dir='ltr'>in</span> <span class='ocrx_word' id='word_1_293' title='bbox 1313 3461 1337 3522; x_wconf 84' lang='grc' dir='ltr'>μ</span> <span class='ocrx_word' id='word_1_294' title='bbox 1361 3427 1452 3524; x_wconf 53' lang='lat' dir='ltr'>aba)</span> <span class='ocrx_word' id='word_1_295' title='bbox 1477 3439 1621 3519; x_wconf 82' lang='lat' dir='ltr'>correxit,</span> <span class='ocrx_word' id='word_1_296' title='bbox 1645 3439 1691 3504; x_wconf 90' lang='lat' dir='ltr'>ita</span> 
     </span>
    </p>
   </div>
   <div class='ocr_carea' id='block_1_9' title="bbox 112 3539 1690 3640">
    <p class='ocr_par' dir='ltr' id='par_1_9' title="bbox 112 3539 1690 3640">
     <span class='ocr_line' id='line_1_27' title="bbox 112 3539 1690 3640; baseline 0 -20"><span class='ocrx_word' id='word_1_297' title='bbox 112 3615 115 3620; x_wconf 19' lang='lat' dir='ltr'>r</span> <span class='ocrx_word' id='word_1_298' title='bbox 240 3551 337 3617; x_wconf 88' lang='lat' dir='ltr'>otiam</span> <span class='ocrx_word' id='word_1_299' title='bbox 360 3551 457 3616; x_wconf 88' lang='lat' dir='ltr'>ceteri</span> <span class='ocrx_word' id='word_1_300' title='bbox 478 3549 538 3636; x_wconf 78' lang='grc' dir='ltr'>μὲν</span> <span class='ocrx_word' id='word_1_301' title='bbox 561 3541 632 3632; x_wconf 76' lang='grc' dir='ltr'><strong><em>οὖν,</em></strong></span> <span class='ocrx_word' id='word_1_302' title='bbox 657 3552 688 3618; x_wconf 88' lang='lat' dir='ltr'>N</span> <span class='ocrx_word' id='word_1_303' title='bbox 711 3554 817 3620; x_wconf 85' lang='lat' dir='ltr'>contra</span> <span class='ocrx_word' id='word_1_304' title='bbox 840 3557 933 3638; x_wconf 77' lang='grc' dir='ltr'><strong><em>γοῦν.</em></strong></span> <span class='ocrx_word' id='word_1_305' title='bbox 968 3539 1049 3620; x_wconf 73' lang='grc' dir='ltr'>Μὶν</span> <span class='ocrx_word' id='word_1_306' title='bbox 1071 3543 1133 3620; x_wconf 80' lang='grc' dir='ltr'>οὖν</span> <span class='ocrx_word' id='word_1_307' title='bbox 1155 3555 1245 3620; x_wconf 88' lang='lat' dir='ltr'>unice</span> <span class='ocrx_word' id='word_1_308' title='bbox 1267 3573 1376 3622; x_wconf 86' lang='lat' dir='ltr'>uorum</span> <span class='ocrx_word' id='word_1_309' title='bbox 1400 3574 1467 3622; x_wconf 88' lang='lat' dir='ltr'>esse</span> <span class='ocrx_word' id='word_1_310' title='bbox 1493 3575 1563 3622; x_wconf 88' lang='lat' dir='ltr'>curn</span> <span class='ocrx_word' id='word_1_311' title='bbox 1586 3573 1642 3640; x_wconf 87' lang='lat' dir='ltr'>por</span> <span class='ocrx_word' id='word_1_312' title='bbox 1657 3573 1690 3620; x_wconf 89' lang='lat' dir='ltr'>se</span> 
     </span>
    </p>
   </div>
   <div class='ocr_carea' id='block_1_10' title="bbox 239 3666 1692 4202">
    <p class='ocr_par' dir='ltr' id='par_1_10' title="bbox 239 3666 1692 4202">
     <span class='ocr_line' id='line_1_28' title="bbox 240 3666 1692 3756; baseline 0.004 -26"><span class='ocrx_word' id='word_1_313' title='bbox 240 3666 402 3750; x_wconf 86' lang='lat' dir='ltr'>probabile</span> <span class='ocrx_word' id='word_1_314' title='bbox 429 3668 472 3734; x_wconf 87' lang='lat' dir='ltr'>sit</span> <span class='ocrx_word' id='word_1_315' title='bbox 502 3669 570 3734; x_wconf 90' lang='lat' dir='ltr'>tum</span> <span class='ocrx_word' id='word_1_316' title='bbox 601 3669 743 3754; x_wconf 80' lang='lat' dir='ltr'>apertum</span> <span class='ocrx_word' id='word_1_317' title='bbox 772 3669 837 3750; x_wconf 83' lang='lat' dir='ltr'>fiet,</span> <span class='ocrx_word' id='word_1_318' title='bbox 873 3671 901 3737; x_wconf 90' lang='lat' dir='ltr'>si</span> <span class='ocrx_word' id='word_1_319' title='bbox 930 3687 997 3736; x_wconf 88' lang='lat' dir='ltr'>rem</span> <span class='ocrx_word' id='word_1_320' title='bbox 1027 3670 1073 3738; x_wconf 87' lang='lat' dir='ltr'>ita</span> <span class='ocrx_word' id='word_1_321' title='bbox 1100 3670 1248 3738; x_wconf 90' lang='lat' dir='ltr'>accidisse</span> <span class='ocrx_word' id='word_1_322' title='bbox 1274 3673 1487 3756; x_wconf 82' lang='lat' dir='ltr'>perspexeris:</span> <span class='ocrx_word' id='word_1_323' title='bbox 1522 3673 1555 3738; x_wconf 90' lang='lat' dir='ltr'>in</span> <span class='ocrx_word' id='word_1_324' title='bbox 1582 3671 1692 3736; x_wconf 90' lang='lat' dir='ltr'>arche·</span> 
     </span>
     <span class='ocr_line' id='line_1_29' title="bbox 239 3783 1691 3872; baseline 0.005 -25"><span class='ocrx_word' id='word_1_325' title='bbox 239 3783 314 3868; x_wconf 83' lang='lat' dir='ltr'>typo</span> <span class='ocrx_word' id='word_1_326' title='bbox 338 3783 464 3850; x_wconf 82' lang='lat' dir='ltr'>extabat</span> <span class='ocrx_word' id='word_1_327' title='bbox 487 3807 588 3868; x_wconf 86' lang='grc' dir='ltr'><strong><em>μουν,</em></strong></span> <span class='ocrx_word' id='word_1_328' title='bbox 619 3785 793 3870; x_wconf 89' lang='lat' dir='ltr'>quodcum</span> <span class='ocrx_word' id='word_1_329' title='bbox 818 3787 900 3852; x_wconf 87' lang='lat' dir='ltr'>male</span> <span class='ocrx_word' id='word_1_330' title='bbox 929 3787 1048 3870; x_wconf 87' lang='lat' dir='ltr'>pictum</span> <span class='ocrx_word' id='word_1_331' title='bbox 1076 3789 1173 3867; x_wconf 79' lang='lat' dir='ltr'>esset,</span> <span class='ocrx_word' id='word_1_332' title='bbox 1208 3788 1247 3854; x_wconf 92' lang='lat' dir='ltr'>ab</span> <span class='ocrx_word' id='word_1_333' title='bbox 1275 3787 1374 3872; x_wconf 84' lang='lat' dir='ltr'>Apr.</span> <span class='ocrx_word' id='word_1_334' title='bbox 1401 3785 1461 3872; x_wconf 78' lang='lat' dir='ltr'>pto</span> <span class='ocrx_word' id='word_1_335' title='bbox 1488 3788 1605 3854; x_wconf 88' lang='lat' dir='ltr'>lectum</span> <span class='ocrx_word' id='word_1_336' title='bbox 1633 3789 1691 3868; x_wconf 82' lang='lat' dir='ltr'>est,</span> 
     </span>
     <span class='ocr_line' id='line_1_30' title="bbox 240 3897 1690 3988; baseline 0.003 -24"><span class='ocrx_word' id='word_1_337' title='bbox 240 3897 327 3964; x_wconf 88' lang='lat' dir='ltr'>abN</span> <span class='ocrx_word' id='word_1_338' title='bbox 348 3901 440 3984; x_wconf 86' lang='grc' dir='ltr'><strong><em>γοῦν,</em></strong></span> <span class='ocrx_word' id='word_1_339' title='bbox 464 3898 503 3968; x_wconf 91' lang='lat' dir='ltr'>ab</span> <span class='ocrx_word' id='word_1_340' title='bbox 526 3900 653 3968; x_wconf 89' lang='lat' dir='ltr'>librario</span> <span class='ocrx_word' id='word_1_341' title='bbox 677 3903 852 3970; x_wconf 90' lang='lat' dir='ltr'>ceterorum</span> <span class='ocrx_word' id='word_1_342' title='bbox 874 3903 1035 3988; x_wconf 80' lang='lat' dir='ltr'>archetypi</span> <span class='ocrx_word' id='word_1_343' title='bbox 1058 3923 1150 3988; x_wconf 87' lang='lat' dir='ltr'>quern</span> <span class='ocrx_word' id='word_1_344' title='bbox 1174 3904 1281 3970; x_wconf 89' lang='lat' dir='ltr'>tamen</span> <span class='ocrx_word' id='word_1_345' title='bbox 1303 3923 1340 3970; x_wconf 87' lang='lat' dir='ltr'>ex</span> <span class='ocrx_word' id='word_1_346' title='bbox 1362 3905 1424 3970; x_wconf 91' lang='lat' dir='ltr'>alio</span> <span class='ocrx_word' id='word_1_347' title='bbox 1448 3903 1534 3971; x_wconf 86' lang='lat' dir='ltr'>fonte</span> <span class='ocrx_word' id='word_1_348' title='bbox 1550 3904 1690 3971; x_wconf 88' lang='lat' dir='ltr'>hausisse</span> 
     </span>
     <span class='ocr_line' id='line_1_31' title="bbox 239 4009 1692 4105; baseline 0.004 -25"><span class='ocrx_word' id='word_1_349' title='bbox 239 4017 347 4098; x_wconf 88' lang='lat' dir='ltr'>postea</span> <span class='ocrx_word' id='word_1_350' title='bbox 370 4015 636 4085; x_wconf 89' lang='lat' dir='ltr'>demonstrabitur</span> <span class='ocrx_word' id='word_1_351' title='bbox 663 4019 709 4085; x_wconf 90' lang='lat' dir='ltr'>sic</span> <span class='ocrx_word' id='word_1_352' title='bbox 735 4022 772 4086; x_wconf 93' lang='lat' dir='ltr'>ut</span> <span class='ocrx_word' id='word_1_353' title='bbox 799 4021 888 4086; x_wconf 84' lang='lat' dir='ltr'>erat:</span> <span class='ocrx_word' id='word_1_354' title='bbox 919 4017 979 4105; x_wconf 82' lang='grc' dir='ltr'>μὲν</span> <span class='ocrx_word' id='word_1_355' title='bbox 1002 4009 1074 4086; x_wconf 79' lang='grc' dir='ltr'><strong><em>οὖν.</em></strong></span> <span class='ocrx_word' id='word_1_356' title='bbox 1119 4021 1156 4086; x_wconf 92' lang='lat' dir='ltr'>In</span> <span class='ocrx_word' id='word_1_357' title='bbox 1190 4021 1321 4088; x_wconf 88' lang='lat' dir='ltr'>eandem</span> <span class='ocrx_word' id='word_1_358' title='bbox 1355 4021 1545 4088; x_wconf 90' lang='lat' dir='ltr'>sententiam</span> <span class='ocrx_word' id='word_1_359' title='bbox 1579 4019 1692 4088; x_wconf 87' lang='lat' dir='ltr'>incidit</span> 
     </span>
     <span class='ocr_line' id='line_1_32' title="bbox 239 4129 702 4202; baseline 0.004 -4"><span class='ocrx_word' id='word_1_360' title='bbox 239 4129 352 4198; x_wconf 85' lang='lat' dir='ltr'>iterata</span> <span class='ocrx_word' id='word_1_361' title='bbox 374 4132 507 4200; x_wconf 84' lang='lat' dir='ltr'>lectione</span> <span class='ocrx_word' id='word_1_362' title='bbox 532 4135 629 4202; x_wconf 87' lang='lat' dir='ltr'>etiarn</span> <span class='ocrx_word' id='word_1_363' title='bbox 651 4134 702 4200; x_wconf 84' lang='lat' dir='ltr'>A‘.</span> 
     </span>
    </p>
   </div>
   <div class='ocr_carea' id='block_1_11' title="bbox 326 4247 1690 4339">
    <p class='ocr_par' dir='ltr' id='par_1_11' title="bbox 326 4211 1690 4339">
     <span class='ocr_line' id='line_1_33' title="bbox 326 4247 1690 4339; baseline 0.006 -25"><span class='ocrx_word' id='word_1_364' title='bbox 326 4247 498 4314; x_wconf 86' lang='lat' dir='ltr'>Alteram</span> <span class='ocrx_word' id='word_1_365' title='bbox 521 4250 680 4316; x_wconf 90' lang='lat' dir='ltr'>classem</span> <span class='ocrx_word' id='word_1_366' title='bbox 703 4251 1007 4325; x_wconf 87' lang='lat' dir='ltr'>emendationum</span> <span class='ocrx_word' id='word_1_367' title='bbox 1036 4253 1080 4319; x_wconf 87' lang='lat' dir='ltr'>ab</span> <span class='ocrx_word' id='word_1_368' title='bbox 1108 4253 1149 4320; x_wconf 82' lang='lat' dir='ltr'>A‘</span> <span class='ocrx_word' id='word_1_369' title='bbox 1171 4252 1449 4339; x_wconf 87' lang='lat' dir='ltr'>propositarum</span> <span class='ocrx_word' id='word_1_370' title='bbox 1479 4273 1556 4322; x_wconf 87' lang='lat' dir='ltr'>eam</span> <span class='ocrx_word' id='word_1_371' title='bbox 1584 4253 1690 4322; x_wconf 89' lang='lat' dir='ltr'>dica-</span> 
     </span>
    </p>
   </div>
   <div class='ocr_carea' id='block_1_12' title="bbox 238 4365 1691 4566">
    <p class='ocr_par' dir='ltr' id='par_1_12' title="bbox 238 4365 1691 4566">
     <span class='ocr_line' id='line_1_34' title="bbox 238 4365 1691 4462; baseline 0.009 -31"><span class='ocrx_word' id='word_1_372' title='bbox 238 4384 329 4443; x_wconf 86' lang='lat' dir='ltr'>mus,</span> <span class='ocrx_word' id='word_1_373' title='bbox 361 4365 400 4431; x_wconf 94' lang='lat' dir='ltr'>in</span> <span class='ocrx_word' id='word_1_374' title='bbox 430 4385 498 4450; x_wconf 89' lang='lat' dir='ltr'>qua</span> <span class='ocrx_word' id='word_1_375' title='bbox 522 4366 687 4434; x_wconf 89' lang='lat' dir='ltr'>discedit</span> <span class='ocrx_word' id='word_1_376' title='bbox 716 4369 759 4435; x_wconf 85' lang='lat' dir='ltr'>ab</span> <span class='ocrx_word' id='word_1_377' title='bbox 790 4369 963 4436; x_wconf 89' lang='lat' dir='ltr'>omnibus</span> <span class='ocrx_word' id='word_1_378' title='bbox 997 4369 1200 4440; x_wconf 85' lang='lat' dir='ltr'>codicibus.</span> <span class='ocrx_word' id='word_1_379' title='bbox 1246 4371 1350 4440; x_wconf 88' lang='lat' dir='ltr'>Huius</span> <span class='ocrx_word' id='word_1_380' title='bbox 1384 4371 1509 4462; x_wconf 84' lang='lat' dir='ltr'>generis</span> <span class='ocrx_word' id='word_1_381' title='bbox 1544 4372 1691 4460; x_wconf 83' lang='lat' dir='ltr'>quattuor</span> 
     </span>
     <span class='ocr_line' id='line_1_35' title="bbox 238 4482 668 4566; baseline 0.007 -18"><span class='ocrx_word' id='word_1_382' title='bbox 238 4482 363 4550; x_wconf 88' lang='lat' dir='ltr'>tantum</span> <span class='ocrx_word' id='word_1_383' title='bbox 386 4483 529 4566; x_wconf 89' lang='lat' dir='ltr'>exempla</span> <span class='ocrx_word' id='word_1_384' title='bbox 550 4483 668 4551; x_wconf 91' lang='lat' dir='ltr'>inueni.</span> 
     </span>
    </p>
   </div>
   <div class='ocr_carea' id='block_1_13' title="bbox 316 4722 1186 4806">
    <p class='ocr_par' dir='ltr' id='par_1_13' title="bbox 316 4722 1186 4806">
     <span class='ocr_line' id='line_1_36' title="bbox 316 4722 1186 4806; baseline 0.014 -27"><span class='ocrx_word' id='word_1_385' title='bbox 316 4722 338 4795; x_wconf 80' lang='lat'>¹)</span> <span class='ocrx_word' id='word_1_386' title='bbox 367 4723 445 4798; x_wconf 81' lang='lat' dir='ltr'>siglis</span> <span class='ocrx_word' id='word_1_387' title='bbox 462 4725 520 4782; x_wconf 88' lang='lat' dir='ltr'>illis</span> <span class='ocrx_word' id='word_1_388' title='bbox 538 4725 670 4786; x_wconf 84' lang='lat' dir='ltr'>adhibitis</span> <span class='ocrx_word' id='word_1_389' title='bbox 688 4745 756 4800; x_wconf 86' lang='lat' dir='ltr'>qnae</span> <span class='ocrx_word' id='word_1_390' title='bbox 774 4731 847 4804; x_wconf 88' lang='lat' dir='ltr'>typis</span> <span class='ocrx_word' id='word_1_391' title='bbox 865 4731 976 4804; x_wconf 85' lang='lat' dir='ltr'>exprimi</span> <span class='ocrx_word' id='word_1_392' title='bbox 994 4749 1049 4788; x_wconf 91' lang='lat' dir='ltr'>non</span> <span class='ocrx_word' id='word_1_393' title='bbox 1065 4736 1186 4806; x_wconf 84' lang='lat' dir='ltr'>possunt</span> 
     </span>
    </p>
   </div>
   <div class='ocr_carea' id='block_1_14' title="bbox 0 0 2000 5176">
    <p class='ocr_par' dir='ltr' id='par_1_14' title="bbox 0 0 2000 5176">
     <span class='ocr_line' id='line_1_37' title="bbox 0 0 2000 5176; baseline 0 3"><span class='ocrx_word' id='word_1_394' title='bbox 0 0 2000 5176; x_wconf 95' lang='lat' dir='ltr'> </span> 
     </span>
    </p>
   </div>
  </div>
 </body>
</html>
