3990 5176
896 299 1089 363 ...7-

268 496 409 579 suspicor
432 495 515 560 enim
537 493 751 560 Maetznerum
773 493 1030 560 nonnullir'locis
1051 510 1084 561 se
1109 493 1211 577 decipi
1233 511 1357 578 passum
1382 512 1449 560 esse
1473 495 1653 562 testimonio
1673 498 1716 563 si-

268 613 359 678 lentii
381 613 448 677 eius
473 611 667 689 conlationis,
692 629 770 694 quae
791 611 824 675 in
847 610 944 694 ipsius
967 630 1058 676 usum
1081 611 1121 675 ad
1144 611 1301 694 exemplar
1329 611 1541 678 Beklreriauae
1570 613 1717 679 editionis

266 731 302 795 ut
325 728 404 794 mihi
420 728 545 812 quidem
567 727 694 793 uidetur
717 727 858 792 confecta
881 728 958 793 erat.
993 727 1081 792 Haec
1103 731 1211 795 autern
1234 727 1374 793 codicum
1387 727 1519 796 ‚duorum
1542 731 1714 796 eommuni-

266 847 316 911 tas
337 845 371 909 in
394 843 575 927 Orippsiano
598 843 691 908 ualde
715 843 877 909 obscurata
900 843 949 908 est
971 842 1075 908 itaut
1097 843 1124 908 si
1146 846 1215 926 quis
1237 844 1314 910 haec
1341 844 1465 910 tantum
1490 845 1612 930 legeret
1639 865 1716 929 quae

270 962 322 1044 qui
344 961 473 1026 ultimus
497 959 673 1044 corrigebat
695 959 761 1044 legi
783 959 920 1038 uolebat,
944 961 971 1024 is
995 978 1068 1024 serre
1092 958 1273 1028 Ononiensis
1296 979 1359 1025 non
1380 961 1481 1045 magis
1510 980 1603 1044 quam
1631 965 1715 1028 cete·

269 1096 372 1143 rorum
395 1076 531 1143 similem
546 1075 764 1158 Orippsiennm
785 1075 947 1141 iudicaret.
985 1076 1035 1140 Ita
1057 1077 1089 1141 in
1113 1094 1157 1141 or.
1183 1077 1200 1146 1
1224 1095 1262 1142 ex
1287 1077 1413 1142 loidis
1439 1077 1624 1144 lectionibus
1647 1097 1715 1144 cor·

268 1194 657 1270 rectaesuntineozt,
683 1193 1715 1278 111131111111111111111111111

269 1311 452 1395 ddonb:
478 1311 506 1388 l,
530 1309 702 1392 intueri
728 1310 768 1374 13
792 1309 916 1375 circiter
938 1312 970 1388 9,
994 1309 1228 1378 iu3dex9:
1254 1311 1284 1389 6,
1308 1291 1594 1390 indueram,
1617 1311 1717 1396 indii

269 1446 306 1493 ex
329 1429 371 1492 4:
396 1429 427 1506 2,
450 1425 483 1492 in
506 1427 563 1496 dd
586 1445 623 1490 ex
646 1427 689 1490 8:
715 1426 745 1490 7.
791 1423 880 1504 Quod
907 1425 934 1490 si
964 1426 1031 1508 quis
1059 1426 1255 1508 reputarent
1273 1426 1329 1491 hes
1357 1427 1565 1492 correctiones
1587 1447 1717 1510 paruam

270 1544 394 1608 tantum
417 1561 484 1608 esse
506 1543 629 1626 partem
652 1541 790 1606 omnium
813 1559 890 1624 qnae
918 1540 951 1605 in
979 1543 1038 1606 hoc
1069 1541 1175 1607 codice
1198 1541 1356 1608 adhibitae
1387 1544 1470 1622 sunt,
1500 1541 1529 1608 is
1550 1543 1715 1627 intelleget

269 1677 361 1742 quam
383 1659 493 1724 multis
515 1657 592 1724 locis
615 1657 857 1722 correctionibus
879 1658 935 1722 aut
957 1655 1143 1740 depracatus
1165 1659 1220 1722 aut
1242 1658 1424 1726 emendatus
1447 1659 1498 1725 sit.

356 1775 393 1839 In
415 1775 474 1840 hac
497 1773 724 1840 correctionum
746 1773 840 1838 turba
861 1773 913 1838 uel
935 1774 1069 1838 maxime
1092 1773 1223 1839 interest
1252 1775 1289 1840 ut
1316 1776 1349 1840 et
1374 1793 1485 1840 manus
1508 1775 1716 1840 correctorum

168 1885 173 1898 ’
270 1890 503 1975 distinguantur
525 1891 558 1955 et
581 1909 640 1973 quo
663 1889 754 1955 modo
777 1909 866 1955 suam
889 1890 1018 1982 quisque
1040 1908 1107 1955 rem
1130 1889 1303 1956 instituerit
1325 1889 1539 1974 perspiciatur.

357 2006 461 2090 Atque
484 2007 563 2072 haec
585 2005 711 2090 quidem
735 2005 783 2071 est
805 2007 1001 2071 consentiens
1024 2024 1129 2070 eorum
1153 2007 1257 2088 opinio
1280 2007 1333 2089 qui
1360 2007 1476 2116 librum
1503 2005 1715 2089 inspexerunt,

270 2123 361 2189 unius
384 2123 570 2188 correctoris
588 2141 715 2188 manum
738 2122 907 2189 atramenti
930 2123 1032 2188 colore
1048 2121 1140 2188 facile
1156 2122 1307 2208 distingui
1325 2122 1376 2206 (cf.
1394 2143 1487 2206 supra
1502 2142 1554 2208 pg.
1572 2123 1591 2188 5
1607 2123 1664 2188 sub
1681 2122 1715 2207 3)

270 2241 302 2304 et
317 2240 432 2306 Blassii
446 2239 542 2322 praef.
558 2239 709 2323 initium).
733 2239 823 2304 Hanc
838 2257 964 2304 manum
982 2237 1067 2324 (At),
1091 2216 1183 2323 quam
1206 2239 1239 2304 in
1254 2239 1401 2305 Dinarchi
1425 2240 1559 2306 editione
1575 2240 1714 2330 Blassius

269 2356 376 2439 paucis
397 2356 521 2420 tantum
543 2355 631 2434 Iccio,
655 2355 866 2438 compluribus
889 2356 986 2421 etiam
1007 2373 1106 2438 nuper
1127 2355 1161 2420 in
1184 2355 1403 2422 dissertatione
1429 2375 1485 2422 sua
1507 2356 1639 2434 notauit,
1662 2375 1717 2438 per

269 2473 370 2538 totam
393 2490 482 2537 suam
504 2472 712 2538 conlationem
735 2469 862 2556 Siggius
885 2490 903 2536 a
926 2471 1038 2537 ceteris
1063 2471 1273 2556 distinguebat
1288 2473 1431 2555 precibus
1454 2472 1533 2537 meis
1557 2473 1717 2556 obtempe-

269 2607 352 2654 rans.
398 2587 467 2654 Hoc
489 2607 550 2653 non
574 2607 642 2654 esse
664 2588 783 2653 temere
814 2588 853 2653 ab
881 2605 918 2654 eo
949 2587 1077 2667 facturn,
1112 2606 1149 2652 ex
1179 2606 1214 2654 eo
1246 2587 1375 2672 adparet
1405 2588 1486 2672 quod
1518 2606 1716 2672 quaecunque

271 2703 412 2787 exempla
433 2705 466 2768 in
482 2705 596 2770 Blassii
613 2703 881 2770 commentatione
895 2701 943 2768 A*
966 2703 1133 2769 correctori
1153 2704 1344 2784 tribuuntur,
1368 2704 1475 2770 eodem
1498 2703 1588 2789 signo
1610 2704 1717 2770 notata

271 2821 470 2886 inueniuntur
499 2819 533 2884 in
560 2819 735 2886 conlatione
763 2839 855 2903 quem
886 2819 1030 2885 manibus
1056 2820 1161 2899 teneo,
1189 2820 1239 2886 his
1262 2819 1337 2885 solis
1360 2820 1510 2902 exceptis:
1534 2821 1554 2889 1
1578 2821 1634 2904 pt
1657 2816 1716 2884 τὸν

273 2936 423 3002 κίνδυνον
450 2931 508 3001 τὸν
538 2931 691 3001 111τό111
714 2956 770 3019 pr,
799 2932 858 3020 μὲν
888 2937 961 3019 post
986 2931 1046 3002 cdo
1071 2935 1203 3001 inseruit
1224 2935 1275 3016 A‘,
1316 2931 1356 3002 οὐ
1382 2938 1454 3020 post
1482 2933 1636 3001 κίνδυνον
1657 2933 1715 3001 ΑΞ.

273 3053 358 3122 539
381 3049 490 3136 ἐξάγοι
511 3050 562 3132 A‘,
588 3052 654 3122 69
682 3051 812 3118 τουτουὶ
842 3047 882 3137 δὴ
905 3051 956 3122 A‘.
1001 3053 1039 3116 In
1073 3051 1184 3134 quibus
1219 3071 1289 3117 cum
1323 3051 1362 3116 de
1395 3051 1550 3134 prioribus
1582 3051 1718 3117 dubitari

271 3171 382 3252 possit,
407 3170 444 3235 de
466 3151 531 3240 119
554 3173 615 3235 non
638 3169 726 3234 item.
764 3150 926 3253 Nusquam
950 3169 1033 3234 enim
1055 3169 1127 3234 inde
1149 3187 1168 3233 a
1192 3168 1270 3237 1185
1293 3168 1370 3233 1111
1387 3167 1627 3250 deprehenditur
1649 3187 1716 3234 ma·
1798 3170 1801 3175 ’

271 3301 338 3366 nus,
361 3287 452 3350 utin
473 3285 534 3352 fine
557 3285 705 3351 orationis
728 3286 853 3368 quintae
877 3283 925 3350 11ἱ
948 3285 1102 3352 corrector
1125 3303 1238 3370 magno
1262 3302 1335 3351 sane
1357 3283 1463 3350 labore
1486 3302 1541 3350 suo
1564 3283 1717 3370 defetiga-

270 3401 322 3467 tus
346 3401 524 3468 substitisse
547 3401 702 3485 putandus
726 3401 776 3468 sit.

359 3517 427 3582 Iam
449 3517 477 3583 si
499 3518 567 3602 quis
589 3518 739 3584 lectiones
762 3518 847 3600 ipsas
876 3535 952 3601 quas
982 3516 1155 3583 introduxit
1176 3513 1224 3581 A²
1252 3516 1357 3601 quales
1386 3517 1450 3582 sint
1483 3515 1715 3598 examinauerit,

272 3651 441 3719 congruere
465 3651 518 3699 eas
541 3653 647 3700 omncs
670 3653 742 3700 cum
764 3634 894 3718 uulgata
916 3652 1010 3716 quam
1025 3633 1132 3698 dicunt
1153 3633 1185 3698 h.
1202 3652 1228 3698 e.
1253 3653 1323 3698 cum
1346 3634 1513 3718 archetypo
1529 3633 1717 3698 deteriorum

272 3751 323 3816 uel
344 3750 552 3816 recentiorum
574 3750 715 3816 codicum
737 3769 809 3816 mor
831 3749 1068 3816 animaduertat.
1114 3747 1209 3816 Cuius
1230 3749 1277 3814 rei
1299 3749 1477 3816 testimonio
1504 3751 1630 3814 utamur
1651 3749 1725 3832 pri·¹

272 3886 358 3931 mum
390 3867 457 3932 eius
491 3866 615 3950 generis
646 3865 841 3943 lectionibus,
866 3867 909 3954 ¹in
943 3867 1054 3950 quibus
1080 3865 1248 3932 secundum
1276 3866 1309 3932 et
1330 3866 1485 3932 Blassium
1513 3866 1545 3930 et
1573 3865 1717 3950 Siggium
1784 3857 1788 3865 '

273 3981 319 4048 A²
343 4001 525 4050 consensum
547 3983 680 4050 interb‘
697 3985 729 4049 et
744 3983 784 4064 N,
809 3983 956 4065 quiante
979 3983 1091 4064 fluerat,
1115 3981 1257 4061 sustulit;
1280 3982 1368 4048 uelut
1391 3983 1499 4066 epa:
1523 3979 1716 4061 πεισθέντες,

274 4098 295 4168 3
315 4122 336 4182 γ
357 4101 377 4164 6
401 4093 563 4165 ἀπέκτεινέ
589 4122 654 4184 μου
681 4095 740 4166 τὸν
768 4101 867 4166 παῖδα
891 4135 930 4146 -
956 4093 1171 4182 descripturos,
1199 4098 1219 4168 3
1243 4122 1264 4182 γ
1291 4099 1311 4164 8
1334 4099 1498 4182 μηδεμιᾶς,
1523 4099 1585 4182 37
1609 4100 1649 4164 10
1672 4099 1717 4185 τῷ

274 4210 433 4291 ἀκουσίως
455 4209 655 4295 ἀποκτεῖναι,
689 4216 781 4285 364
803 4211 1016 4300 καλούμενος,
1040 4216 1133 4285 doe
1162 4211 1280 4296 οὕτως,
1305 4215 1383 4286 517
1408 4209 1605 4300 ὠφελεῖσθαι
1622 4214 1717 4280 τοῦδε

272 4334 332 4398 τοῦ
346 4327 460 4416 νόμον,
485 4333 505 4402 t
522 4333 562 4398 21
580 4329 690 4416 φασὶν.
728 4331 823 4397 Vides
839 4333 915 4398 haec
939 4332 1042 4398 omnia
1063 4333 1097 4398 iu
1118 4329 1248 4418 uulgata
1271 4333 1375 4398 extare
1395 4333 1426 4397 h.
1443 4349 1470 4397 e.
1494 4331 1527 4396 in
1550 4349 1586 4396 eo
1608 4332 1716 4396 arche-

273 4449 349 4533 typo
376 4467 412 4514 er
439 4441 498 4532 quo
525 4449 752 4515 Laurentianus
769 4448 849 4534 ·(B),
882 4447 1058 4516 Marcianus
1086 4445 1155 4534 (L),
1185 4447 1439 4516 Vratislauicnsis
1470 4447 1534 4534 (Z),
1566 4446 1716 4514 Burneia-

273 4583 330 4630 nus
354 4563 415 4651 (M)
439 4585 496 4632 nec
518 4585 579 4633 non
601 4565 717 4632 Aldina
739 4565 903 4632 fluxerunt.
