3990 5176
763 324 1200 430 lae-r-nr-'

327 543 371 610 Ut
393 542 550 608 transeam
572 540 613 606 ad
635 540 774 607 ordinem
796 540 963 606 uerborum
985 540 1151 621 mutatum,
1178 541 1211 608 id
1232 561 1330 626 genus
1354 543 1543 610 mutationes
1566 543 1684 627 pleras-

239 677 298 742 que
331 677 393 723 non
425 677 498 724 casu
531 658 669 737 tantum,
700 656 755 723 sed
790 657 929 724 consulto
959 656 1058 722 factas
1092 675 1159 723 esse
1192 675 1228 724 er
1262 659 1306 724 eis
1339 660 1487 742 exemplis
1515 661 1685 744 perspicies

237 775 269 838 in
300 775 412 857 quibus
445 773 573 857 adparet
603 773 682 838 bene
721 791 811 840 nosse
847 772 938 836 illum
974 773 1111 856 quisquis
1148 774 1210 839 luit
1247 775 1343 840 etiam
1381 775 1458 840 alias
1497 777 1686 844 mutationes

236 891 394 956 interdum
422 891 461 955 ab
491 890 554 956 illis
582 889 742 973 postulari.
787 889 883 954 Velut
915 889 935 958 l
965 889 985 954 ό
1015 891 1051 954 2:
1084 883 1426 974 ὑπεραπολογοόμενοι
1456 891 1513 974 τῆς
1543 885 1687 970 ὑποψίας

241 1003 346 1090 πα’σης
367 1009 424 1090 τῆς
446 1001 592 1090 ἀληθοῦς
614 1004 645 1070 Α
662 1006 707 1090 (et
722 1006 766 1092 β),
790 1008 846 1090 τῆς
868 999 1013 1088 ἀληθοῦς
1034 999 1177 1084 ὑποψίας
1200 998 1326 1090 ὑπόσης
1340 1005 1372 1070 N
1393 1007 1478 1071 recte
1500 1005 1553 1072 uel
1574 1009 1687 1074 omisso

239 1123 290 1188 uel
312 1122 418 1188 addito
441 1122 539 1188 altero
563 1122 705 1188 articulo.
752 1122 883 1188 Prorsus
911 1123 987 1186 item
1016 1121 1139 1206 λβ3ι
1167 1116 1340 1206 προειδότα
1369 1117 1429 1206 τὴν
1455 1115 1602 1200 ὑποψίαν
1628 1120 1687 1208 τὴν

240 1355 392 1438 exemplis
415 1355 473 1420 hoc
497 1373 617 1439 quoque
641 1354 782 1433 discitur,
811 1355 839 1420 si
861 1355 890 1419 A
913 1353 1116 1437 interpolator
1139 1353 1209 1433 fuit,
1234 1371 1305 1419 eum
1329 1353 1485 1419 studuisse
1509 1355 1545 1418 ut
1566 1354 1688 1439 longior

238 1471 387 1538 euaderet
411 1473 520 1551 oratio,
553 1473 601 1536 sin
623 1473 728 1538 autem
751 1471 797 1550 N,
832 1489 903 1536 eum
929 1471 1079 1538 breuitati
1107 1469 1308 1536 consuluisse.
1355 1471 1468 1540 Utrum
1495 1471 1686 1553 probabilius

162 1649 163 1654 ,
239 1588 290 1666 sit,
314 1587 396 1652 haud
420 1587 547 1653 difficile
572 1589 619 1652 est
642 1587 682 1652 ad
705 1587 941 1654 decernendum.

326 1701 408 1784 Quid
431 1704 532 1788 egerit
553 1703 756 1786 interpolator
778 1703 942 1768 illustrabo
965 1703 1057 1768 nnius
1081 1701 1232 1786 quintae
1257 1703 1405 1769 orationis
1421 1703 1570 1787 exemplis
1586 1704 1686 1770 omni·

237 1821 296 1886 bns
317 1819 399 1884 infra
421 1820 453 1884 in
477 1839 573 1884 unum
597 1819 729 1885 conlatis

348 1937 369 2006 5
393 1937 433 2000 5:
457 1934 510 2001 καὶ
532 1929 683 2019 ἡγεῖσθαι
706 1930 834 2024 ἀπειρίη
856 1937 981 2018 μᾶλλον
1010 1929 1091 2000 αὑτὸ
1114 1929 1137 2019 ἦ
1159 1929 1267 2024 ἀδικίη
1290 1928 1496 2020 ἡμαρτῆσθαι
1518 1935 1547 2000 A
1571 1935 1618 2019 (et
1639 1937 1685 2021 β),

590 2047 671 2118 αὑτό
695 2055 819 2135 μᾶλλον
840 2047 864 2136 ἢ
886 2052 926 2116 N.
997 2110 1001 2117 .

370 2168 431 2232 al:
455 2167 595 2250 καίτοιγε
618 2162 659 2233 od
682 2163 790 2251 δήπου
812 2168 839 2233 A
867 2167 912 2251 (et
927 2167 979 2252 β),
1003 2167 1108 2232 καίτοι
1131 2161 1171 2232 οὑ
1194 2162 1300 2252 όὴπου
1321 2189 1358 2250 γε
1378 2167 1419 2233 Ν.

370 2285 430 2348 38:
453 2280 529 2348 καθ’
554 2271 600 2348 τόν
623 2279 731 2372 μηνύη
755 2280 796 2348 όν
818 2305 866 2360 τις
888 2283 918 2348 Α
942 2283 989 2366 (et
1011 2285 1054 2368 β),
1078 2275 1153 2350 καθ’
1176 2272 1223 2348 ὧν
1245 2279 1288 2349 όόυ
1309 2307 1357 2360 τις
1379 2278 1486 2370 μηυὺη
1509 2284 1550 2351 Ν.

371 2399 412 2462 42
424 2421 441 2484 :¹
456 2393 474 2463 ὁ
490 2397 525 2464 ὑὲ
540 2396 576 2466 τό
592 2395 748 2483 παράπαν
764 2397 826 2484 ἔφη
842 2393 902 2464 οὑν
919 2397 1049 2484 ἐμβῆναί
1064 2421 1103 2484 με
1118 2397 1148 2464 Α
1165 2400 1211 2484 (eb
1220 2400 1266 2485 β),
1283 2393 1352 2464 οὐδ’
1370 2397 1503 2484 ἐμβῆναί
1516 2396 1546 2486 μ’
1565 2398 1627 2486 ἔφη
1644 2402 1684 2468 N.

369 2515 429 2580 48:
454 2519 562 2606 πολλῷ
578 2512 621 2582 όν
635 2511 726 2600 ὑμεῖς
742 2512 944 2602 δικαιότερον
959 2516 986 2580 A
1004 2516 1051 2602 (et
1066 2517 1110 2602 β),
1133 2517 1242 2605 πολλῷ
1258 2510 1300 2581 όν
1316 2511 1517 2602 δικαιότερον
1535 2511 1627 2600 ὑμεῖς
1643 2516 1683 2584 Ν.

370 2633 430 2700 57:
454 2631 507 2697 καὶ
522 2627 581 2718 τὴν
596 2629 756 2716 πρόνοιαν
772 2631 806 2700 ἐκ
822 2635 950 2698 πολλῶν
966 2626 1049 2698 εἶναι
1064 2627 1212 2718 φανερόν
1228 2629 1520 2719 ἐπιβουλευομένην
1533 2632 1563 2699 Α
1576 2635 1623 2721 (et
1638 2634 1683 2718 β),

523 2831 526 2840 ,
587 2744 671 2816 εἶναι
693 2744 842 2835 φανερόν
864 2749 905 2815 Ν.

370 2867 430 2931 73:
453 2873 602 2950 κρεῖσσον
625 2863 663 2932 δὲ
684 2863 744 2952 χρὴ
769 2862 816 2932 ἀεὶ
839 2866 1010 2950 γίγνεσθαι
1033 2866 1062 2930 Α
1086 2864 1132 2952 (et
1154 2865 1198 2953 β),
1221 2865 1392 2950 γίγνεσθαι
1414 2860 1462 2932 ἀεὶ
1485 2865 1526 2932 Ν.

371 2983 430 3048 84:
454 2970 546 3046 οὑτοι
568 2980 604 3047 ὑὲ
626 2989 693 3060 τοῖς
715 2978 825 3066 λόγοις
847 2985 977 3066 ζητοῦσι
999 2976 1038 3047 τὰ
1062 2979 1140 3068 ἔργα
1162 2979 1281 3048 ἄπιστα
1302 2982 1472 3068 γίγνεσθαι
1493 2983 1586 3067 A(et
1601 2985 1646 3068 β),

454 3103 522 3174 τολς
544 3094 653 3183 λόγοις
674 3094 714 3164 τὰ
738 3096 815 3183 ἔργα
838 3101 988 3182 ζητοῦσιν
1012 3097 1052 3164 Ν.

367 3217 427 3280 91:
450 3211 487 3280 τό
509 3212 652 3299 μὲνγὰρ
674 3211 779 3299 μόνον
802 3209 973 3301 ἁμάρτημά
997 3212 1063 3280 ἐστι
1085 3215 1177 3297 A(et
1192 3214 1236 3298 β),
1261 3208 1434 3300 ἁμάρτημα
1456 3209 1560 3298 μόνον
1582 3215 1622 3281 Ν.

322 3331 366 3396 Ut
389 3332 534 3398 omittam
562 3332 646 3398 locos
676 3333 743 3397 eius
770 3333 894 3416 generis
926 3331 1098 3414 inquibus
1129 3332 1232 3396 utram
1262 3331 1506 3398 conlocationem
1533 3330 1681 3396 adhibeas

234 3447 315 3512 nibil
336 3448 469 3526 intersit,
495 3448 644 3514 maiorem
668 3449 856 3533 elegantiam
878 3450 980 3514 inesse
1004 3448 1184 3531 plerumque
1208 3447 1241 3512 iu
1264 3464 1299 3512 eo
1325 3446 1431 3512 ordine
1460 3466 1551 3531 quem
1579 3447 1610 3512 N
1632 3465 1681 3513 se·

233 3564 324 3630 cutus
348 3564 397 3628 est
418 3564 575 3632 neminem
591 3564 684 3648 fugit.
723 3563 799 3630 dnm
825 3565 922 3649 igitur
945 3564 1067 3630 consmt
1089 3563 1128 3629 ab
1145 3563 1244 3629 altero
1260 3563 1329 3630 utro
1353 3562 1525 3629 consu-lto
1540 3564 1682 3646 transpo-
1712 3571 1716 3580 ⁴

234 3679 378 3744 sitionem
403 3697 469 3744 esse
492 3680 680 3760 institutam,
705 3681 787 3746 siin
810 3679 840 3746 A
862 3679 1134 3763 interpolationem
1160 3678 1389 3762 deprehendere
1411 3677 1491 3744 uelis
1513 3677 1546 3744 id
1563 3677 1685 3744 consilii

234 3795 263 3860 ei
285 3795 405 3861 tribuas
428 3813 553 3861 necesse
576 3797 612 3862 ut
636 3797 822 3880 elegantiam
846 3797 878 3862 ui
902 3796 1056 3876 crtmdat‚
1085 3797 1133 3862 sin
1158 3795 1191 3862 iu
1207 3795 1254 3875 Ν,
1282 3795 1319 3860 ut
1340 3795 1488 3862 restituat
1510 3813 1589 3860 enm.
1632 3795 1682 3860 Ab

235 3911 391 3995 elegantia
414 3911 580 3978 abhorrere
602 3911 701 3977 uideri
725 3913 849 3996 poterat
875 3913 908 3978 in
937 3914 975 3978 5:
1012 3908 1092 3979 αότό
1115 3911 1194 3978 illud
1222 3911 1255 3976 in
1287 3911 1349 3978 fine
1379 3913 1451 3976 ente
1480 3906 1502 3996 ἢ
1531 3912 1682 3993 positum

235 4027 346 4092 melius
370 4047 437 4092 csse
461 4027 572 4094 deiude
596 4028 623 4092 si
644 4023 667 4112 ἢ
689 4029 760 4111 post
786 4029 911 4112 peritton
939 4030 1105 4113 poneretur
1134 4047 1152 4094 a
1179 4046 1239 4112 qno
1266 4027 1426 4111 penderet.
1471 4026 1508 4092 In
1540 4030 1583 4094 84
1612 4047 1682 4094 cum

233 4143 432 4225 praecederet
453 4142 508 4208 κοιλ
530 4139 635 4228 οἱμὲν
659 4139 751 4210 όλλοι
773 4140 943 4229 ἅνθρωποι
966 4151 1048 4222 τοῖς
1071 4144 1201 4228 ὲόγοις
1222 4139 1315 4220 τοὺς
1334 4137 1472 4226 λόγους
1489 4141 1682 4228 ἐλέγχουσιν,

234 4259 392 4342 elegantia
414 4259 573 4342 postulare
596 4259 773 4340 uidebatur,
805 4262 841 4326 ut
864 4263 960 4326 etiam
987 4261 1088 4326 ineis
1112 4279 1190 4343 quae
1218 4261 1388 4341 sequnntur
1414 4265 1482 4336 τοῖς
1512 4255 1621 4344 λόγοις
1642 4257 1683 4326 τό

238 4372 314 4459 ἔργα
338 4375 425 4440 nullo
448 4376 510 4441 alio
533 4375 719 4458 interposito
743 4377 894 4442 uocabulo
918 4377 1117 4442 scriberetur.
1163 4375 1225 4446 Sed
1246 4376 1318 4442 nolo
1341 4376 1374 4440 in
1397 4376 1447 4442 his
1469 4377 1593 4461 longius
1615 4395 1684 4442 mo-

235 4493 307 4556 rari.
343 4493 404 4558 Fac
427 4493 509 4558 enim
532 4492 609 4558 haec
632 4493 736 4559 omnia
759 4493 804 4560 sic
826 4512 859 4559 se
882 4494 1008 4572 habere,
1030 4494 1067 4558 ut
1088 4493 1243 4560 lubricum
1271 4493 1313 4559 sit
1340 4492 1500 4572 iudicium,
1533 4491 1583 4558 iac
1605 4492 1683 4560 haec

236 4610 339 4674 omnia
361 4627 424 4674 non
445 4628 536 4692 posse
559 4609 690 4676 internis
714 4612 906 4694 argumentis
929 4610 982 4676 uel
1004 4609 1240 4676 ratiocinatione
1263 4629 1324 4694 qua
1347 4610 1463 4694 singuli
1485 4609 1545 4676 loci
1567 4629 1622 4693 per
1648 4628 1681 4674 se
1733 4703 1735 4708 Δ
