3990 5176
867 283 1056 348 ..9-

345 473 406 538 44:
431 467 628 560 ἀνίγκοαγον
650 471 754 558 Apr,
777 469 954 560 ἀνίαοαγεν
977 472 1035 541 A’.

345 589 406 655 46:
431 590 481 656 δεῖ
501 609 572 656 cum
596 589 627 654 N
650 589 757 655 emisit
779 589 881 675 Apu,
905 609 999 675 supra
1019 591 1076 660 liu.
1098 591 1171 660 add.
1195 591 1253 662 Αἵ

310 705 408 771 ibid..
433 702 591 784 ἐξελεῖταε
604 705 695 788 Apr.
718 705 760 785 N,
788 703 927 792 ἐξέληται
949 705 1007 773 A2.

345 821 407 888 49:
430 817 502 887 τότε
524 823 574 888 bis
596 820 698 906 Apr,
722 819 794 888 τοτὲ
817 820 875 888 A'.

346 937 407 1004 51.
430 937 557 1004 ίσονί
527 937 601 1024 eda)
625 941 723 1004 τοῦτο
745 935 855 1022 μέντοι
876 938 966 1024 Apr.
992 938 1133 1024 (ίσον’
1105 963 1133 1008 ει
1158 943 1278 1008 τοῦτον
1300 938 1411 1027 μέντοι
1432 943 1494 1030 N),
1525 946 1579 1032 ἴση
1607 944 1683 1028 ί,στί
1801 1021 1806 1030 ,

433 1049 561 1130 τούτοις
583 1050 643 1138 μὲν
661 1049 699 1119 τὸ
722 1051 779 1120 A².

298 1170 407 1234 52.
431 1164 506 1235 ε’ίτ
531 1167 599 1254 ἐμοί
622 1168 713 1254 Apr.
738 1170 833 1250 Ν,ε’ί
803 1192 883 1236 τι
905 1169 959 1256 μοί
982 1169 1040 1237 A².

312 1281 452 1350 ibid.:’
433 1280 569 1370 αττάγονν
592 1285 682 1369 Apr.
707 1281 791 1366 N,’
772 1281 910 1370 αττάγεεν
933 1285 989 1353 A’.

347 1401 406 1467 54:
429 1403 490 1466 τοῦ
512 1397 556 1486 μὴ
579 1401 670 1485 Apu.
694 1401 734 1483 N,
758 1400 806 1469 A2
829 1405 874 1493 τῷ
896 1399 952 1488 μὴ.

347 1519 409 1584 61:
433 1513 484 1583 ἐπὶ
506 1521 625 1584 τοῦτον
647 1517 739 1602 Apr.
756 1517 796 1598 N,
821 1517 991 1585 ἐπὶτοῦτο
1013 1518 1071 1587 A'.

204 1697 208 1706 ,
325 1634 407 1716 Ι,63ε
429 1637 527 1700 τοῦτο
550 1631 699 1701 ἐναντίον
720 1634 812 1719 Apr.
836 1635 876 1714 N,
900 1630 937 1702 τὸ
960 1633 1109 1702 ἐναντίον
1131 1634 1190 1702 A².

347 1749 408 1815 65:
433 1743 521 1816 εἶπεν
543 1750 573 1815 A
595 1769 654 1834 pr,
679 1751 778 1816 εἰπεῖν
800 1749 858 1818 A².

346 1867 406 1931 66:
431 1861 578 1944 ἀξιοῦται
600 1867 630 1932 A
651 1885 711 1950 pr,
737 1861 864 1946 ἀξιοῦτε
886 1865 944 1933 A²

346 1983 407 2048 68.
430 1977 499 2066 ἥξοι
522 1977 563 2049 οὐ
587 1983 616 2048 A
639 2001 696 2066 pr,
720 1978 813 2068 ἠξίου
835 1981 894 2049 Αἵ

347 2099 407 2164 69.
431 2094 656 2196 ἀποθανόντες
678 2099 707 2164 Α
730 2119 776 2182 pr.
802 2100 842 2179 N,
866 2095 1034 2165 ἀπέθανον
1056 2097 1116 2166 A2.

346 2216 407 2282 70:
431 2211 610 2300 ἐτίθνησαν
633 2215 661 2281 A
685 2234 742 2298 pr,
766 2211 946 2282 ἐτέθνασαν
968 2213 1025 2282 A’.

347 2331 407 2396 75:
430 2329 485 2396 καί
506 2326 747 2398 κινδυνεύσεται
768 2329 798 2396 Α
820 2351 866 2414 pr.
890 2333 923 2398 et
945 2331 986 2412 N,
1009 2325 1286 2400 νεκινδννείσεται
1308 2330 1365 2398 ΑΒ.

238 2455 240 2460 “
348 2447 406 2513 78:
429 2440 584 2532 ἡμέτερον
606 2447 636 2512 A
658 2466 715 2530 pr,
740 2441 897 2534 ὑμέτερον
918 2447 976 2514 A².
1253 2457 1254 2461 ’

346 2563 405 2629 82:
428 2561 471 2628 fin
493 2563 643 2648 γίγνεσθε
665 2563 695 2628 A
717 2581 774 2646 pr,
798 2564 968 2648 γίγνεσθαι
989 2561 1047 2630 A².

347 2681 406 2746 83:
430 2674 533 2758 ὁσίοις
555 2681 584 2746 A
606 2701 665 2764 pr,
689 2677 780 2756 ὅσοις
802 2678 859 2746 A².

345 2795 407 2862 84:
431 2793 625 2882 despuenda
647 2796 676 2863 A
699 2816 757 2880 pr,
782 2791 987 2881 σαφεστάτην
1009 2793 1067 2862 A'.

313 2910 409 2978 ibid:
433 2908 582 2978 ἐναντίον
603 2913 633 2978 A
655 2932 714 2996 pr,
738 2910 895 2978 ἐναντίων
917 2910 975 2977 A2.

311 3027 407 3094 ibid:
430 3021 515 3112 ἡμᾶς
537 3028 567 3094 A
588 3049 647 3112 pr,
670 3023 757 3112 ὑμᾶς
779 3025 837 3095 Ai.

321 3144 393 3210 Non
416 3145 482 3210 sine
497 3145 600 3211 taedio
616 3147 693 3212 haee
717 3165 787 3212 eum
802 3143 976 3229 puluisculo
998 3143 1140 3223 exhausi,
1176 3143 1231 3209 sed
1250 3142 1337 3210 nolui
1354 3142 1494 3210 laborem
1514 3145 1681 3227 molestum

233 3257 398 3345 defugere,
433 3280 471 3327 ne
496 3263 587 3327 firmo
616 3263 737 3328 careret
759 3261 960 3327 fundamento
984 3259 1062 3327 haee,
1087 3260 1275 3345 disquisitio.
1315 3260 1382 3326 Ηοο
1409 3277 1483 3325 uere
1511 3280 1592 3327 nune
1617 3263 1704 3344 iae-¹

232 3375 301 3441 tum
324 3395 392 3442 esse
415 3379 500 3460 puto.
546 3377 634 3444 Inter
656 3395 762 3444 omnes
785 3377 869 3443 enim
892 3377 949 3442 has
973 3377 1179 3443 correctiones
1206 3378 1245 3442 ab
1269 3374 1316 3442 A²
1345 3377 1377 3442 in
1406 3376 1545 3442 oratione
1574 3377 1683 3460 quinta

233 3491 390 3558 adhibitas
416 3530 449 3540 -
479 3495 553 3558 suut
576 3495 680 3560 autem
704 3494 774 3576 plus
798 3494 1022 3578 quinquaginta
1039 3529 1078 3540 -
1102 3512 1142 3560 ue
1164 3513 1227 3560 una
1243 3493 1367 3577 quidem
1390 3493 1549 3558 inuenitur
1570 3492 1602 3558 iu
1623 3511 1684 3576 qua

233 3607 285 3674 hie
308 3609 463 3680 cuneatur
478 3608 618 3676 discedat
640 3629 659 3675 a
681 3607 869 3676 deteriorum
886 3629 962 3694 ques
978 3609 1088 3676 dieunt
1110 3610 1251 3677 codicum
1266 3609 1457 3676 testimonio.
1496 3607 1583 3674 idem
1598 3609 1685 3674 ualet

232 3724 270 3789 de
294 3725 406 3792 ueteris
429 3725 623 3792 orationibus
645 3727 769 3809 praeter
792 3727 922 3806 sextam,
947 3745 965 3792 a
987 3745 1048 3811 qua
1069 3727 1204 3795 uidimus
1220 3722 1267 3791 A²
1289 3725 1488 3792 abstinuisse.
1523 3725 1560 3789 In
1579 3725 1595 3796 l
1613 3743 1683 3790 ura-

231 3840 319 3906 tieue
342 3842 415 3906 sunt
439 3843 479 3907 13
504 3841 642 3908 eiusdem
667 3844 790 3928 generis
819 3844 1039 3922 consutiones,
1069 3844 1103 3908 in
1132 3845 1152 3913 2
1176 3865 1210 3908 αι
1236 3844 1271 3921 3,
1294 3842 1326 3908 iu
1350 3842 1370 3911 2
1394 3843 1427 3925 βε
1452 3839 1574 3927 4(ride
1590 3842 1610 3910 2
1626 3842 1682 3926 66

181 3955 184 3961 ’
233 3952 317 4033 elude
338 3947 381 4042 ἦν
402 3958 431 4023 A
454 3977 513 4040 pr,
538 3954 623 4035 είκὸς
646 3953 690 4024 ἀν
713 3949 755 4044 ἦν
776 3957 833 4040 A',
861 3955 947 4037 είκὸς
968 3948 1011 4045 ἦν
1033 3954 1076 4025 ἀν
1098 3959 1155 4043 Ν),
1179 3959 1212 4026 in
1236 3959 1256 4028 2
1278 3979 1314 4042 γε
1339 3959 1375 4036 6,
1398 3958 1431 4022 in
1455 3958 1526 4027 dd:
1550 3956 1684 4043 Mintur

232 4091 310 4156 quae
334 4074 572 4141 celeberrimum
601 4075 679 4142 iilud
707 4077 791 4162 §12
826 4073 847 4162 ἥ
877 4099 910 4142 τε
939 4071 1053 4162 ἀτυχία
1081 4075 1180 4158 Apr.
1204 4074 1245 4154 N,
1277 4077 1317 4160 τῇ
1342 4097 1375 4140 τε
1404 4067 1519 4163 ἀτυχία
1546 4071 1618 4158 Ai),
1650 4073 1684 4138 in

232 4189 311 4259 du:
338 4189 1683 4276 1,in3u:2‚in3y:²518,inae:usnimainduainddzs.

319 4304 357 4370 111
379 4305 429 4371 his
452 4307 595 4372 omnibus
619 4307 768 4392 exemplis
792 4327 870 4393 quae
893 4309 925 4374 et
948 4309 1017 4392 ipsa
1040 4308 1215 4375 conlatione
1239 4307 1341 4391 Siggii
1368 4306 1444 4371 duee
1471 4307 1684 4390 perscrutatus
1766 4321 1768 4326 ·

232 4437 300 4486 sum
325 4459 367 4466 —
390 4441 537 4490 numerus
559 4425 664 4490 autem
689 4425 827 4530 omnium
851 4425 878 4490 si
901 4423 1055 4492 addideris
1082 4423 1146 4490 illis
1174 4442 1211 4488 ex
1243 4423 1273 4494 6.
1302 4424 1441 4488 eratione
1475 4421 1588 4487 adlatis
1615 4421 1686 4504 plus

232 4537 357 4602 eentum
382 4535 517 4604 efficitur
541 4573 580 4584 -
606 4558 678 4604 uum
702 4541 734 4604 in
759 4518 820 4604 u‘ue
843 4540 912 4606 loeo
936 4541 957 4610 2
981 4565 1002 4606 α
1025 4544 1056 4619 3,
1079 4540 1134 4612 ubi
1157 4539 1283 4625 Siggius
1312 4542 1421 4606 eontra
1449 4539 1541 4621 atque
1564 4537 1686 4604 Dubsu-

1393 4670 1396 4678 ’
1562 4662 1578 4715 2
