3990 5176
342 460 362 502 ὦ

321 762 380 826 Die
403 759 556 826 XXVIIII
585 780 627 824 m.
656 759 775 842 Aprilis
803 760 896 826 huius
930 760 1002 825 anni
1037 779 1107 825 cum
1141 717 1228 825 sacra
1256 759 1433 826 Turicensis
1459 757 1679 824 Vniuersitatis

233 877 445 942 anniuersaria
471 876 532 940 rite
560 875 848 940 concelebrarentur
881 874 1086 942 GEORGIVS
1108 875 1162 940 nn
1185 874 1299 942 WYSS
1325 875 1382 941 Vir
1405 873 1601 940 Clarissimus
1628 875 1682 956 qui

235 1011 315 1057 nunc
337 991 539 1056 Academiam
562 992 700 1059 nostram
722 993 815 1074 regit,
839 991 961 1073 publice
988 991 1182 1056 renuntiault
1211 991 1267 1055 has
1296 991 1492 1073 quaestIones
1522 991 1554 1054 in
1584 1008 1680 1056 annos

235 1105 811 1173 MDOOCLXXlI—MDOOOLXXIII
835 1105 1099 1173 commilitonibus
1121 1105 1260 1190 proponi.

613 1223 649 1340 Ι..
685 1275 734 1339 Ab
758 1273 873 1340 Ordine
896 1274 994 1340 Iuris
1017 1273 1319 1366 consultorumr

237 1417 505 1501 »Untersuchung
527 1416 582 1482 des
605 1416 887 1482 Malthus'schen
910 1417 1284 1502 Bevollrerungsgesetaes
1307 1415 1363 1481 auf
1376 1415 1483 1482 Grund
1505 1415 1682 1482 stetistisoh

366 1533 591 1618 festgestellter
614 1533 845 1598 Thatsaohen.‹<
970 1561 971 1564 ¹

687 1701 727 1767 ll.
773 1701 823 1766 Ab
847 1701 964 1768 Ordine
986 1701 1233 1768 Medicorum:

238 1845 323 1910 »Die
345 1843 491 1909 Facultst
512 1845 654 1910 uinscht
678 1845 745 1909 eine
768 1843 1010 1929 Untereuchung
1037 1845 1092 1910 der
1118 1845 1391 1930 physiologischen
1415 1842 1608 1927 Wirlrungen
1627 1842 1681 1908 des

366 1960 578 2026 Mutterlroms
599 1959 662 2026 und
686 1961 786 2025 seiner
801 1961 985 2026 wirksamen
1000 1959 1244 2038 Bestandtheile,
1269 1960 1329 2024 mit
1343 1958 1529 2024 besonderer
1544 1957 1682 2024 Berrielr·
1782 2041 1789 2046 .

368 2077 549 2160 sichtigung
572 2076 627 2141 der
649 2076 843 2160 Wirlrungen
867 2077 923 2142 auf
943 2075 998 2142 das
1022 2076 1289 2160 Gefasssystem.‹

324 2245 547 2328 Quaestionum
571 2249 686 2326 autem,
710 2265 788 2331 quae
811 2248 884 2312 ante
899 2247 956 2312 hos
972 2245 1047 2312 duos
1070 2265 1166 2312 annos
1182 2247 1270 2310 erant
1285 2245 1472 2328 prepositae,
1496 2261 1565 2308 eam
1587 2261 1681 2326 quam

235 2363 427 2429 Medicorum
451 2363 533 2428 Ordo
557 2364 829 2429 commendauerat
852 2363 905 2445 qui
931 2362 1153 2446 adgrederetur
1178 2379 1270 2426 nemo
1300 2361 1367 2426 erat
1395 2339 1558 2438 inuentum
1588 2377 1681 2443 quam

235 2497 309 2545 uero
338 2479 419 2544 solui
446 2479 581 2556 iusserat
611 2478 932 2544 iurisconsultorum
956 2478 1039 2544 Ordo
1073 2497 1143 2544 cum
1173 2476 1422 2542 commilitonum
1449 2475 1575 2558 quidam
1601 2475 1680 2540 bene

237 2595 383 2660 soluisset
404 2613 479 2660 usus
502 2597 570 2660 erat
592 2593 811 2660 dissertatione
840 2613 895 2659 sua
926 2593 965 2658 ad
996 2592 1208 2677 adipiscendos
1230 2595 1264 2658 in
1286 2592 1425 2674 Vtroque
1447 2591 1518 2656 lure
1542 2609 1681 2656 summos

235 2708 368 2776 honores
391 2711 463 2776 ante
485 2710 653 2776 terminum
675 2709 725 2775 his
748 2709 969 2775 certaminibus
992 2709 1175 2777 eruditionis
1201 2709 1414 2774 constitutum.

325 2824 504 2910 Quicunque
526 2845 601 2892 uero
624 2829 774 2904 neruum,
810 2825 963 2891 carissimi
997 2825 1234 2903 commilitones,
1270 2826 1346 2890 haec
1371 2843 1452 2890 noua
1482 2841 1560 2907 quae
1588 2841 1680 2905 supra

239 2943 547 3008 commemorauimus
569 2943 753 3026 argumenta
775 2929 966 3024 pertractare
996 2941 1167 3022 noluerint,
1199 2960 1251 3006 eos
1280 2941 1423 3006 iubemus
1447 2939 1680 3004 dissertationes

239 3075 310 3122 suas
332 3057 439 3124 addita
468 3058 634 3142 obsignata
662 3057 809 3124 schedula
840 3075 953 3124 nomen
987 3057 1145 3140 scriptoris
1179 3056 1357 3124 continente
1392 3055 1562 3138 eodemque
1596 3053 1680 3120 dicto

237 3174 432 3240 memorabili
455 3193 515 3257 quo
537 3173 680 3239 libellum
703 3175 804 3256 ipsum
827 3173 1047 3257 insigniuerint
1076 3174 1197 3238 munita
1226 3174 1298 3238 ante
1329 3171 1488 3237 Kalendas
1516 3169 1683 3235 Ianuarias

236 3291 309 3356 anni
331 3263 601 3357 Moocntxxlv
623 3290 749 3356 Rectori
770 3289 937 3374 Magnifice
960 3288 1093 3354 tradere.
1116 3289 1238 3354 Valete.
