3990 5176
845 351 897 393 ,-
945 313 1073 382 11-

236 507 470 591 pessumdatum
491 507 525 572 in
546 507 717 574 absurdum
739 505 820 572 iliud
842 502 901 572 τὸν
923 503 1008 572 νέον.
1049 505 1129 586 Quid
1152 507 1285 594 denique
1308 527 1417 576 caueae
1441 510 1509 576 erat
1530 511 1567 576 ut
1590 512 1625 590 t,
1644 513 1684 577 10

238 622 376 690 ordinem
400 623 567 690 uerborum
590 624 706 689 litteris
730 648 751 688 α
774 625 807 689 et
829 627 849 708 β
872 643 965 707 supra
988 625 1112 707 seriptis
1138 623 1331 690 indicatum:
1361 629 1420 690 τοῦ
1446 620 1553 709 νόμον
1583 624 1685 710 κειμέ-

236 763 297 805 νου
321 734 564 808 ἄυκνκοθοινεῖν
586 735 645 805 τὸν
668 734 902 804 ἀποκτείναντα
923 739 957 804 in
978 739 1069 806 illum
1093 741 1120 806 si
1142 759 1202 804 non
1225 739 1419 818 deteriorem,
1444 743 1477 806 at
1492 759 1554 806 non
1573 742 1685 808 melio-

235 875 303 922 rem
317 857 455 922 mutaret
477 858 536 922 τοῦ
559 851 664 941 νόμον
686 852 835 941 κειμένου
854 851 912 922 τὸν
935 851 1167 922 ἀποκτείνοντα
1190 850 1433 921 ἄντακοθαυεῖυ
1454 856 1516 922 nisi
1530 858 1566 921 ut
1581 876 1685 922 exem·

146 1035 151 1044 ,
237 971 288 1056 plo
312 991 366 1037 suo
390 973 486 1037 etiam
508 973 541 1038 in
564 972 703 1038 minimis
726 972 894 1037 obediret?
938 972 1027 1038 Idem
1051 973 1135 1037 enim
1157 991 1191 1036 re
1214 990 1288 1060 nara
1313 971 1386 1036 ordo
1414 972 1462 1037 est
1489 972 1522 1036 in
1544 973 1684 1056 uulgata.
1723 1041 1724 1046 ,
1808 1013 1813 1030 .

238 1085 380 1154 Ceterum
405 1087 506 1172 Siggii
528 1087 678 1154 beneficio
700 1087 791 1153 uideo
808 1087 924 1166 deberi,
947 1089 983 1153 ut
999 1087 1035 1152 de
1052 1087 1193 1153 hocloco
1217 1087 1343 1152 tandem
1358 1091 1444 1152 recte
1460 1089 1557 1153 statui
1574 1089 1681 1172 possit.

237 1203 561 1283 incommodent,
596 1202 678 1285 quod
710 1203 829 1287 priores
857 1203 991 1288 fugerat,
1021 1201 1140 1286 pillud
1169 1203 1418 1286 transpositionis
1442 1203 1576 1288 signum,
1601 1204 1683 1286 quod

235 1317 313 1384 falso
344 1317 427 1402 apud
448 1319 661 1386 Maetnnerum
691 1321 934 1403 suprascriptum
969 1320 1018 1385 eet
1045 1315 1109 1384 κόν.
1133 1313 1364 1384 ἀποκτείναντα
1397 1320 1537 1398 uocibus,
1572 1320 1610 1385 ab
1636 1315 1685 1384 A²

235 1435 373 1520 positum
397 1454 464 1501 esee
488 1436 545 1500 sub
569 1431 811 1502 ἀντακοθονοῐν
834 1437 950 1502 uerbo:
974 1454 1010 1502 eo
1033 1435 1130 1520 igitur
1151 1435 1274 1520 spectat
1296 1437 1332 1500 ut
1354 1437 1374 1520 β
1397 1436 1499 1500 eidem
1527 1432 1682 1502 infinitirio

236 1549 481 1636 suprascriptum
516 1552 690 1637 corrigatur
714 1553 745 1618 h.
778 1571 804 1618 e.
836 1553 873 1618 ut
906 1551 1061 1618 indicetur
1089 1546 1331 1618 ἀντακοθονεῑν
1357 1552 1427 1618 uoci
1443 1567 1513 1618 ¹non
1545 1553 1683 1620 medium

234 1666 336 1733 locum
360 1666 585 1760 adsignandum
609 1687 676 1734 eene
700 1668 753 1734 eod
776 1669 916 1734 tertium.
962 1667 1039 1734 Oum
1062 1667 1200 1734 enimin
1224 1668 1328 1734 codice
1344 1668 1494 1754 scriptum
1519 1669 1601 1738 esset
1617 1669 1682 1734 ita:

323 1781 976 1876 dffimfflmommfflffl

322 1894 565 1968 ἄντακοθανεῖν
664 1903 724 1967 τοῦ
746 1895 852 1986 νόμον
874 1895 1023 1986 κειμένου
1044 1895 1102 1966 οόν
1125 1895 1358 1968 ἀποκτείναντα

214 2103 217 2107 ,
322 2013 443 2104 rue
1152 2021 1153 2024 ‘

234 2149 307 2198 casu
329 2132 446 2198 factum
469 2133 517 2198 eat
540 2131 622 2216 apud
637 2133 817 2215 Dobeonum
839 2134 983 2220 pg.144‚
1007 2134 1042 2199 nt
1064 2128 1123 2200 οόν
1144 2128 1378 2200 ἀποκτείνοντα
1398 2133 1431 2198 in
1445 2133 1529 2198 linea
1544 2133 1682 2216 proxima

234 2247 314 2312 infra
350 2243 593 2314 detractando
625 2249 710 2334 typis
744 2249 983 2334 exprimereturz
1019 2269 1112 2333 quam
1144 2251 1182 2316 ob
1206 2269 1273 2316 rem
1300 2274 1322 2334 γ
1347 2250 1387 2330 in
1410 2249 1512 2316 medio
1539 2244 1681 2320 ἀντοικο·

233 2369 350 2430 θανεῖν
373 2365 405 2429 et
428 2359 669 2446 οἷκοκοείνονοοΙ
683 2385 793 2432 uorum
816 2365 954 2450 positum
976 2365 1054 2432 falso
1079 2384 1097 2431 a
1120 2367 1298 2432 Maetnnero
1323 2366 1505 2450 Blaseioque
1534 2365 1680 2448 putatum

234 2481 283 2547 eet
306 2479 345 2544 ad
367 2479 449 2545 hano
469 2498 579 2548 uocem
612 2482 777 2566 pertinere,
813 2501 880 2548 cum
916 2482 1088 2564 pertineret
1115 2482 1154 2548 ad
1182 2483 1281 2548 illam.
1328 2481 1388 2550 Sed
1410 2481 1449 2547 ad
1472 2483 1553 2547 hunc
1575 2481 1679 2546 locum

216 2597 343 2679 postea
366 2595 456 2662 nob'n
484 2587 772 2666 erit'redeundum.
819 2597 967 2668 Secutum
1000 2597 1098 2682 igitur
1132 2615 1200 2664 osse
1228 2595 1277 2663 Α2
1306 2599 1512 2666 correctorem
1542 2597 1680 2664 codicem

233 2711 299 2777 eius
322 2711 460 2778 familiae
483 2715 570 2778 cuins
594 2717 668 2780 sunt
689 2715 717 2778 Β
740 2713 764 2778 L
788 2715 810 2780 Z
833 2713 877 2794 M,
901 2699 970 2780 ideo
994 2715 1237 2810 consentaneum
1256 2717 1313 2802 est
1336 2715 1418 2797 quod
1440 2713 1508 2780 fieri
1536 2733 1596 2779 non
1623 2733 1678 2796 po-

233 2828 295 2892 tuit
317 2829 353 2892 ut
376 2828 557 2894 emendator
580 2831 643 2894 tam
668 2829 846 2924 ingeniosus
870 2829 993 2914 qualem
1016 2848 1086 2894 eum
1110 2831 1219 2895 haberi
1242 2829 1269 2896 si
1291 2830 1406 2896 codicia
1430 2849 1486 2912 ope
1510 2829 1685 2894 destitutus¹

224 2941 343 3010 *fuisset
365 2939 491 3010 necesse
514 2945 607 3023 esset,
631 2945 683 3028 qui
706 2963 752 3010 ex.
777 2965 823 3030 gr.
849 2945 868 3015 5
893 2949 934 3012 68
959 2965 995 3010 en
1019 2947 1162 3028 corrupto
1186 2939 1252 3031 ἥξει
1276 2939 1316 3011 od
1331 2945 1362 3010 A
1377 2966 1422 3029 pr.
1439 2940 1531 3030 ἠξίου
1546 2945 1678 3011 formam

234 3059 409 3126 coniectura
431 3059 613 3140 inuenisset,
637 3079 672 3126 eo
696 3061 867 3139 aberraret,
901 3063 937 3126 ut
960 3060 1001 3127 de
1021 3081 1076 3128 ouo
1099 3080 1161 3128 non
1183 3061 1285 3127 solum
1312 3061 1389 3128 uilia
1416 3059 1471 3128 sed
1503 3061 1594 3144 plano
1622 3053 1678 3126 ab·

232 3174 325 3242 surda
348 3175 535 3243 obtruderet
553 3166 652 3243 codici
674 3195 729 3242 ouo
754 3178 945 3262 corrigendo.
1283 3261 1285 3265 Ι

320 3291 468 3376 Superest
490 3293 528 3358 ut
549 3293 586 3382 de
609 3291 737 3378 reliquis
760 3293 986 3360 mutationibus
1009 3293 1148 3360 dicamne
1171 3312 1249 3377 quae
1265 3291 1312 3360 ΑΞ
1334 3292 1462 3359 librario
1485 3293 1677 3358 norr‘debon·

231 3409 298 3487 tur;
320 3410 357 3474 ut
380 3409 463 3475 enirn
486 3409 735 3493 praetermittam
751 3429 865 3494 paucos
888 3410 960 3476 illos
983 3410 1067 3476 locos
1090 3409 1258 3494 inquibus
1280 3409 1435 3476 recentior
1457 3429 1566 3476 manus
1582 3429 1676 3492 quae·

231 3523 302 3590 dam
330 3524 451 3591 addidit
482 3525 539 3609 (eie
566 3526 691 3610 3711
726 3519 887 3609 ἁμαρτίαν
918 3527 989 3592 uoci
1023 3521 1172 3612 ἀσέβειαν
1205 3503 1452 3610 suprascriptum
1485 3527 1558 3610 est),
1592 3511 1676 3590 artat

229 3659 343 3726 magna
366 3659 440 3708 sane
462 3641 631 3710 multitudo
654 3643 864 3710 mutationum
887 3644 954 3708 tota
979 3644 1116 3710 oratione
1140 3642 1337 3736 diffusarum,
1370 3661 1446 3726 quas
1474 3642 1582 3707 eadem
1611 3641 1675 3707 fere

230 3757 333 3824 aetate
356 3759 448 3844 atque
470 3757 587 3826 librum
608 3760 710 3843 ipsum
733 3759 864 3842 scriptas
888 3777 954 3825 esee
978 3760 1109 3826 constat.
1142 3760 1215 3828 Jam
1236 3777 1312 3825 uero
1335 3779 1405 3826 oum
1422 3759 1560 3824 Blassius
1575 3759 1676 3824 totam

229 3873 310 3940 hanc
333 3873 522 3960 farraginem
545 3875 645 3942 eidem
667 3877 785 3960 primae
808 3875 914 3942 manui
937 3877 967 3942 h.
984 3895 1012 3942 e.
1037 3876 1066 3942 ei
1087 3875 1150 3960 ipsi
1171 3876 1291 3942 tribuat
1306 3877 1359 3960 qui
1382 3875 1519 3942 codicem
1539 3875 1674 3959 scripsit,

229 3989 337 4078 Siggio
360 3993 406 4058 ita
428 3991 488 4058 duo
512 3991 659 4058 uidentur
685 3993 894 4060 mutationum
921 3987 1036 4078 genera
1066 3993 1286 4079 distinguenda
1312 3994 1358 4074 ut,
1386 3993 1452 4059 siue
1475 3993 1514 4058 ab
1538 4013 1599 4058 uno
1622 4010 1675 4057 eo-

229 4106 366 4194 demque¹
385 4108 510 4174 homine
536 4109 652 4192 scripta
679 4109 744 4178 aiut
770 4110 836 4176 siue
860 4128 879 4175 a
900 4109 1033 4192 duobus,
1057 4111 1180 4193 tompus
1207 4129 1269 4176 non
1296 4127 1420 4193 prorsus
1446 4108 1540 4174 fuerit
1569 4108 1674 4174 idemt

228 4221 343 4292 alterae
366 4223 447 4292 enim
472 4228 664 4292 correcturas
688 4245 756 4292 esse
770 4227 853 4293 inter
875 4227 1069 4293 scribendam
1085 4226 1246 4292 institutas
1264 4225 1307 4312 (A
1322 4227 1413 4310 corr.)
1430 4226 1544 4292 alteras
1560 4225 1676 4307 scripto

227 4339 290 4406 iam
314 4339 420 4408 codice
445 4341 524 4428 (A‘).
569 4342 737 4408 Praeterea
760 4343 817 4408 hoc
839 4341 1016 4410 discrimine
1039 4343 1176 4428 separari
1199 4363 1262 4423 aas,
1292 4344 1328 4409 ut
1354 4343 1384 4409 A
1407 4363 1483 4410 corr.
1508 4362 1544 4409 ex
1567 4343 1675 4408 arohe-

227 4456 303 4542 typo
325 4455 405 4542 ipso,
428 4457 469 4524 A‘
491 4458 595 4544 potius
619 4477 655 4526 ex
679 4459 740 4526 alio
763 4459 897 4544 quodam
919 4460 1030 4527 codiee:
1038 4460 1178 4528 hausisse
1201 4459 1354 4527 uideatur.
1391 4459 1588 4526 (tumentem
1603 4457 1675 4544 Sig-
1741 4487 1764 4531 u

228 4573 299 4662 gius
321 4574 388 4660 ipae
410 4573 444 4642 in
467 4576 640 4644 oonlatione
662 4592 719 4644 aua
741 4576 901 4645 confessus
923 4577 965 4644 sit
987 4575 1150 4662 permultis
1172 4577 1250 4646 locis
1273 4575 1334 4644 duo
1356 4576 1411 4642 illa
1431 4595 1545 4662 genera
1568 4595 1605 4643 ox
1618 4594 1676 4660 pa-
